2452 4372
106 150 132 179 Ι·
207 153 330 313 288,
396 210 608 328 Nemefii
637 212 712 326 Ep.
745 202 873 329 Emefi

178 388 198 405 ,1
285 372 293 379 ·
616 362 627 401 l

97 413 100 419 ’
208 434 316 505 „rum
340 422 424 512 apta
439 399 659 514 fcompolitio
680 435 762 488 cum
787 410 924 493 eoloris
948 409 1027 488 inat

209 521 394 608 „corporis
424 513 728 609 pulchritudinem
758 514 909 607 gignit:
952 532 1027 608 qua

208 612 424 702 ,harmonia
453 611 701 689 suavitatis&
728 609 937 687 roboris&
963 608 1027 708 pul

207 715 371 802 „tudinis
387 712 508 786 anima
525 711 594 799 eii,
627 711 762 786 neceffe
778 711 828 787 est
844 710 1027 787 hominem

4 864 11 875 f
68 879 82 893 ,
206 824 414 908 „aegrotum
446 811 514 885 effe
545 835 612 885 nec
639 808 852 896 infirmum,
887 832 972 885 cum
998 822 1027 883 ta

204 912 417 1007 „confingat
444 911 629 988 hominem
652 909 724 989 line
756 910 815 986 hir
847 921 1027 1009 temperat

206 1010 300 1101 „bus
337 1014 469 1087 vivere.

286 1237 320 1311 7·
349 1211 448 1299 „Sed
473 1210 599 1286 dicere
643 1205 826 1308 quomodo
854 1230 942 1305 ergo
974 1220 1027 1283 nal

213 1308 292 1401 „les
313 1311 469 1388 virtutes
489 1310 526 1386 lit
552 1311 639 1386 vitia
662 1311 840 1385 naturalia
863 1309 1027 1389 hominm

211 1409 458 1509 „sequunturi
484 1410 700 1508 respondeo,
725 1410 763 1483 id
780 1433 826 1482 ex
842 1409 1006 1503 corporis
1025 1434 1027 1441 ¹

208 1524 442 1609 „permenio
474 1510 542 1585 fit:
576 1509 623 1584 stc
654 1510 865 1584 naturaliter
901 1528 1027 1582 amara

208 1610 460 1699 „abundantes
483 1610 530 1684 ad
554 1609 804 1694 iracundiam,
844 1607 907 1682 alii
933 1607 984 1681 ad
1010 1620 1027 1683 t

1 1718 3 1725 '
120 1734 123 1739 ·
210 1733 341 1802 „rem,
364 1709 427 1787 alii
449 1710 496 1784 ad
526 1729 693 1784 venerem
718 1707 878 1804 propenii
907 1704 998 1782 sunt.

61 1888 67 1909 ,
211 1830 318 1901 „rum
337 1809 450 1906 aliqui
467 1821 634 1883 coercent
651 1818 1000 1904 temperamentum:
1018 1826 1027 1881 t

212 1922 362 2001 „autem
378 1907 446 1995 est,
473 1908 570 2004 quod
592 1923 754 1994 coercet,
780 1906 1027 2002 aliudquodt

210 2023 365 2098 ‚,cetur,
406 2009 506 2085 aliud
528 2028 613 2103 ergo
639 2018 996 2106 temperamentum,
1019 2026 1027 2079 r

210 2130 408 2197 „an1ma.,
667 2142 670 2147 ·
856 2150 881 2167 -·

32 2306 156 2374 Animo·
235 2356 237 2361 .
283 2312 315 2385 ’3.
341 2296 597 2387 „Aristotelem
634 2296 694 2393 qui
720 2292 878 2379 animam
903 2293 992 2371 dicit
1016 2316 1027 2367 t

32 2415 94 2457 Μ
113 2394 169 2492 Ἀ
215 2398 412 2487 „lechiam,
449 2399 547 2474 idem
566 2397 691 2480 sentit,
716 2399 814 2495 quod
828 2397 889 2494 qui
905 2393 1027 2491 qualit

33 2474 197 2545 milii·
214 2521 321 2587 „eam
343 2497 410 2574 effe
432 2498 569 2574 nolunt.
625 2496 866 2575 Substantiam
890 2494 989 2571 enim
1016 2504 1027 2569 t

212 2598 329 2690 „riam
355 2598 443 2674 dicit
466 2596 649 2692 intelligi,
675 2618 804 2684 unam,
832 2598 916 2693 quae
939 2608 1027 2669 utu

100 2732 106 2745 ν
209 2698 291 2790 „ria
303 2695 454 2795 subjelia
473 2695 532 2782 eli,
559 2717 642 2791 quae
656 2717 719 2791 per
734 2695 768 2769 fe
784 2696 933 2790 quidem
948 2690 1027 2768 nihil

211 2795 448 2893 „potestatem
469 2807 592 2870 tamen
624 2794 671 2868 ad
697 2815 816 2871 rerum
840 2811 964 2869 ortum
988 2791 1027 2865 ha

210 2895 387 2986 „alteram
405 2894 561 2969 formam
576 2891 614 2969 dt
632 2891 814 2990 speciem,
829 2913 894 2990 per
910 2914 1018 2990 quam

208 2995 325 3083 „teria
349 2992 551 3069 formatur:
593 2993 769 3080 tertiam,
803 2993 903 3090 quod
928 3013 977 3065 ex
1004 2987 1027 3090 s}

208 3092 272 3182 „dr
300 3095 452 3167 materia
481 3090 691 3180 conflatur,
736 3091 832 3189 quod
865 3090 1013 3167 de'mum

109 3196 119 3213 ’
206 3208 372 3282 „matum
388 3191 447 3268 eii
480 3190 538 3267 Eli
554 3191 667 3285 igitur
681 3193 834 3267 materia
850 3190 1024 3284 poledae,

90 3306 95 3317 ’
207 3315 295 3380 „ma
317 3291 541 3366 entelechiaz
565 3312 649 3385 quae
673 3291 804 3366 iterum
834 3288 1027 3365 bifariamt

205 3393 359 3488 „pitur,
391 3407 468 3465 tum
499 3403 540 3465 ut
562 3389 709 3464 scientia
735 3391 795 3466 seu
819 3386 997 3477 habitus,

209 3504 278 3577 „ut
303 3490 384 3565 usur
407 3490 571 3574 habitus,
596 3487 635 3564 lit
659 3490 742 3584 quia
762 3488 906 3564 scientia
923 3484 1027 3565 usu-t

206 3591 299 3678 „tiae
323 3604 418 3684 pnor
451 3587 528 3672 est,
570 3591 723 3684 primam
750 3587 992 3673 entelechiam
1008 3606 1027 3667 ,ι

205 3687 409 3786 „speciem,
434 3687 623 3764 secundam
648 3688 760 3765 ulum.
797 3687 910 3797 Unde*
932 3688 1015 3763 dom

1013 3828 1023 3872 l
