2452 4372
427 228 658 328 'Orationes
866 274 870 285 ·
914 256 1007 353 ²¹9

94 432 252 523 ,denter
266 452 379 518 vaca,
407 453 475 510 uec
496 432 656 530 quinem
685 429 912 515 necessariam
932 454 1013 507 eor.

94 534 200 631 ,pori
228 554 348 625 nega,
376 554 422 606 ue
448 533 592 615 animus
620 534 848 631 perturbetur
863 555 882 614 a
897 530 1010 615 nobis
1070 568 1077 639 3
1146 558 1163 605 x

98 630 313 723 ,dimidium
345 630 406 727 pio
434 632 639 716 exercitio,
671 632 825 709 alterum
850 634 1012 727 corporis

94 730 239 829 ,quieti
252 730 481 810 concedatur.
496 730 610 814 Biuas
627 742 712 815 aute
730 732 894 813 cubitum
908 751 1015 815 oran·

96 828 219 919 ,door
236 828 421 926 psallendo
439 829 549 919 horas
567 829 748 918 consume,
761 829 880 929 pollen
892 828 1012 927 dulce·

96 954 191 1017 ,ce,
233 928 272 1005 br
298 952 383 1004 cnm
411 940 448 1003 te
471 927 652 1013 Dominus
668 930 903 1015 excitaverit,
932 950 1013 1027 pre·
1083 926 1085 931 ’
1187 1004 1221 1031 ,,

94 1030 326 1119 ,cationibus
356 1027 536 1108 incumbe.
610 1026 668 1114 Ne
694 1031 795 1105 ineas
822 1050 905 1107 cum
937 1027 1011 1115 illis

95 1127 336 1219 ,amicitiam
378 1128 440 1222 qui
460 1128 527 1203 tibi
545 1126 699 1205 aliorum
725 1126 1011 1213 familiaritatem

94 1227 344 1327 ,concilient,
390 1229 436 1301 ne
462 1226 528 1303 tibi
552 1227 664 1313 nimia
684 1227 876 1312 celebritas
900 1228 1012 1310 debris

95 1336 286 1425 amentum
313 1322 452 1411 afferat,

160 1551 198 1623 3,
225 1520 292 1614 „si
317 1520 356 1601 iu
375 1523 457 1599 loco
480 1520 613 1607 celebri
639 1542 770 1621 corpus
795 1521 947 1618 affligis,
974 1520 1012 1607 or

94 1622 206 1725 „ideo
232 1622 398 1710 homines
424 1642 458 1696 te
488 1622 693 1706 honorant,
720 1645 805 1701 eum
827 1623 1011 1721 relinque,

94 1748 168 1820 „ue
191 1722 294 1799 labor
318 1734 403 1806 tuus
421 1722 539 1800 inanis
557 1718 748 1807 efficiatur}
778 1720 803 1797 sr
823 1732 861 1797 te
878 1745 1013 1819 vagaua

94 1822 158 1915 „rii
177 1821 357 1929 cupiditas
380 1818 565 1907 invaserit,
605 1841 736 1916 corpus
754 1821 792 1901 iu
810 1842 918 1918 opere
934 1844 1012 1896 ma·

94 1944 243 2019 „nuum
261 1921 514 2005 vehementius
540 1918 682 2014 afflige,
718 1917 818 2007 un,
842 1930 891 2017 ut*
909 1942 1018 2019 opera

94 2036 191 2117 „tua
209 2018 369 2107 vendas,
409 2019 457 2094 ad
481 2020 607 2103 urbem
627 2016 879 2116 proficisceris,
905 2043 952 2105 ne
972 2021 1021 2097 de
1125 2086 1130 2093 .

94 2119 248 2309 ,tentio
281 2118 514 2207 contendas,
545 2119 604 2193 sed
622 2118 739 2194 vende
765 2117 803 2199 or
830 2142 911 2205 eme
934 2120 1018 2200 curia
1064 2128 1074 2161 ·“·

94 2226 108 2315 ’,
151 2218 383 2317 mplicitate:
426 2217 452 2301 sr
484 2217 628 2299 conitus
659 2220 696 2293 iu
732 2217 886 2314 patriam
911 2217 1020 2316 proli·

94 2316 290 2413 ..cisceris,
329 2320 375 2403 n'e
401 2316 549 2401 liberius
581 2316 802 2399 converseris
823 2341 907 2399 cum
928 2342 1016 2394 con·
1134 2376 1136 2383 .

94 2416 341 2514 ..sanguineis
395 2414 579 2492 Siacella
596 2429 661 2501 tua
679 2418 911 2513 migraveris,
935 2422 1020 2514 quae

94 2519 165 2615 „in
200 2540 245 2591 ea
276 2514 355 2603 lunt
385 2516 462 2592 usui
488 2514 698 2601 neceliaria,
736 2515 955 2613 relinquito,
981 2514 1021 2600 aa

94 2615 305 2707 „Dominus
333 2615 400 2698 tibi
426 2616 514 2692 alibi
543 2614 775 2712 providebit:
814 2624 898 2689 aute
918 2636 1018 2701 eumq
1114 2702 1120 2711 ἱ

94 2715 336 2809 „munionem
373 2716 507 2811 nequid
547 2715 698 2790 malitiae
755 2714 891 2791 habeas
932 2737 1019 2794 cum

94 2815 238 2909 ,matre
271 2824 346 2898 tuo,
399 2814 440 2896 Si
466 2815 576 2889 verba
593 2815 791 2904 scripturae
815 2815 863 2889 ad
883 2812 1020 2909 allegu-

94 2916 225 3009 ..riom
240 2912 437 2991 transferre
454 2911 577 3010 pollis,
603 2913 642 2990 id
670 2912 804 2999 facito,
831 2912 891 2987 led
916 2936 1026 3011 cave,

94 3037 171 3105 „ne
194 3012 356 3096 litteram
380 3011 560 3101 dellrnas,
588 3011 648 3088 vel
665 3010 777 3087 sensui
800 3012 918 3107 mags
939 3034 1017 3087 cre«

94 3112 214 3207 „das,
251 3133 360 3219 qoam
391 3112 534 3197 Saniiae
567 3110 792 3209 Scripturae,
840 3111 937 3206 quod
961 3112 1018 3185 fu·

94 3212 263 3312 „perbiae
298 3222 552 3306 argumentum
587 3209 646 3286 est.
723 3209 764 3286 si
792 3210 1024 3293 stateribus
1091 3270 1095 3275 -

94 3310 248 3407 „verbis
279 3310 454 3407 deceptus
480 3311 785 3389 haereticoruma
826 3310 920 3386 retia
949 3309 1022 3389 fide
1097 3320 1100 3325 '

94 3432 191 3511 „per
225 3409 510 3505 imprudentiam
541 3407 754 3495 diicelierit,
792 3407 831 3483 δι
861 3410 908 3484 ad
942 3432 1025 3484 eam

94 3520 348 3607 „revertatur,
380 3532 464 3585 eum
486 3532 533 3583 ne
561 3506 786 3605 despexeris;
823 3509 1027 3604 ignorantia

94 3610 231 3705 „euim
247 3609 439 3685 aberravit.
485 3607 603 3701 Cave,
626 3631 671 3681 ne
690 3606 928 3683 defendendae
948 3609 1027 3702 qul*

94 3711 216 3808 „dem
250 3706 337 3789 fidei
368 3705 473 3790 caula
500 3729 586 3793 cum
622 3707 806 3791 haereticis
846 3707 1030 3820 colloque«
1159 3702 1162 3709 ’

538 3836 546 3849 ·
937 3827 1025 3895 „ras
