2452 4372
109 338 116 346 .
182 276 188 284 ι
301 219 357 305 te·
374 216 569 319 Libertate
597 217 751 303 mentis.
829 282 832 289 .
887 234 965 325 151
1099 246 1106 257 ·

80 388 963 591 ,eamenanonnae
977 409 1148 583 teat

80 608 238 695 ‚totone
252 636 334 689 mos
359 612 418 690 en.
471 614 522 690 At
544 614 642 690 Deos
658 610 805 689 viciffim
820 613 857 686 in
877 635 960 686 oon·
978 601 1120 736 W*

80 709 237 809 ttrrium
268 711 390 788 omnia
413 713 475 811 ipst
501 715 681 810 imputat,
707 734 750 786 ac
779 709 878 797 velut
901 711 965 785 illa
1029 717 1054 738 ‘⁴
1156 780 1160 787 .

81 804 165 883 sola·
184 808 394 896 laboraffet,
436 807 484 888 sto
506 813 540 886 ei
566 811 875 887 remunerationes
900 812 967 886 ad·
1192 824 1195 829 “

80 908 234 983 metitur
246 933 258 1002 ;
305 910 455 987 fienim
475 911 589 987 'Dens
621 910 738 1006 rigido
776 909 966 986 nobiscum

80 1003 223 1103 iudicio
245 1009 357 1084 vellet
375 1032 500 1107 agere,
529 1010 580 1087 nil
598 1008 738 1108 protios
759 1007 896 1083 homini
918 1002 975 1082 ab‘
1129 1012 1132 1019 ’

80 1128 126 1183 eo
143 1104 309 1203 debitum
325 1110 549 1207 reperiretur,
577 1132 659 1183 eum
677 1106 800 1183 euntia
817 1109 910 1181 bona
928 1109 967 1182 in

80 1200 333 1302 ioiidumejus
347 1210 509 1283 dominio
525 1208 737 1305 subjaceant
776 1205 871 1282 Nam
887 1208 966 1280 uni·

80 1302 212 1389 versa,
246 1305 357 1403 ipsam
390 1309 576 1391 animam,
611 1308 725 1405 ipsum
750 1303 818 1380 effe
855 1306 965 1380 homo

80 1400 194 1477 tuber
216 1424 279 1499 per
310 1407 488 1501 gratiam3
533 1406 629 1481 unde
648 1406 778 1502 justum
804 1402 880 1490 est,
924 1416 967 1478 ut

80 1518 308 1599 quaecunque
331 1504 419 1579 iacit
446 1507 566 1589 bona,
611 1506 815 1600 &propter
845 1502 964 1578 Deum

80 1602 180 1674 maia
207 1602 361 1690 tolerat,
385 1626 610 1700 quaecuuque
638 1600 804 1679 sentit&
830 1600 965 1675 intelli·
1108 1606 1113 1611 '
1199 1635 1202 1647 v

80 1700 155 1794 git,
180 1701 244 1774 nni
276 1702 355 1776 Deo
385 1703 548 1798 largiton
573 1719 721 1800 accepta
741 1701 897 1785 referat,
926 1698 964 1778 δι
1070 1774 1072 1779 ,

80 1797 174 1872 nihil
197 1797 269 1894 iiee
295 1823 444 1898 parvum
470 1801 540 1875 five
556 1826 741 1896 *magnum
774 1800 965 1877 oscitanter

80 1893 211 1985 faciat,
240 1922 286 1973 ne
301 1900 476 1998 Spiritum
494 1901 663 1976 Sanstum
680 1899 915 1976 contristetur.

124 2118 160 2189 5.
190 2093 369 2180 „Quando
393 2099 519 2194 gratiae
545 2095 791 2191 dignationem
814 2115 961 2191 aecepe-
976 2073 1138 2175 Dm*

80 2190 127 2266 rit
142 2193 276 2278 anima,
304 2207 391 2270 tunc
406 2199 439 2270 ei
452 2198 611 2271 maxime
629 2195 738 2270 utiles
758 2195 837 2269 sunt
852 2192 957 2268 scien·
974 2181 1024 2307 φ’
1053 2171 1112 2226 '‘¹''

80 2291 159 2377 tia,
188 2293 402 2388 prodentia,
429 2293 465 2370 &
490 2295 680 2380 discretio,
709 2315 799 2388 quas
818 2307 961 2390 ptopte-
986 2256 1055 2311 ’ω’

80 2410 140 2463 rea
176 2390 445 2481 metiemini,
477 2394 675 2468 dummodo
692 2392 862 2487 postulet,
891 2394 963 2465 iar·

80 2492 205 2583 gitur,
240 2496 289 2564 'ut
318 2490 365 2565 ad
390 2492 653 2595 ipeneplacitum
681 2491 746 2565 Dei
771 2488 872 2589 po'ffit
894 2489 963 2567 ser·

80 2588 154 2661 rire
181 2588 350 2684 Spiritui,
378 2591 416 2667 in
443 2613 516 2688 quo
542 2613 670 2664 catere
687 2590 815 2676 debet,
847 2613 892 2683 ne
910 2590 962 2664 iiii

80 2684 245 2782 [ubrepat
265 2687 436 2765 infidiam
458 2691 582 2765 innata
608 2688 770 2775 malitia,
795 2711 840 2763 ne
864 2688 963 2761 laba·

80 2796 137 2860 tor
152 2807 217 2881 per
234 2787 494 2880 ignorantiam,
527 2813 572 2862 ne
597 2787 749 2874 idcirco,
776 2787 871 2882 quod
890 2786 964 2862 stne

80 2884 211 2960 timore
240 2887 278 2960 δι
307 2887 535 2983 ‘negligenter
567 2888 696 2972 vivat,
739 2898 963 2983 pervertatur
1109 2908 1113 2915 ’

80 2983 125 3059 od
142 2982 289 3078 aliquid.
343 2987 559 3085 sicut-enim
579 2986 739 3081 operatio
755 2982 958 3071 effestuum,

80 3104 174 3180 quae·
192 3082 241 3155 est
272 3083 435 3180 Spiritus,
463 3088 622 3171 erroris,
671 3087 899 3160 tenebrarum
922 3081 962 3160 ot
1191 3156 1199 3167 ,

80 3183 216 3278 peccati
234 3185 411 3259 mundum
434 3184 600 3260 animans
621 3185 657 3256 in
678 3206 729 3256 eo.
738 3183 962 3259 domicilium
1082 3238 1086 3247 ι

80 3282 219 3355 obtinet
245 3280 410 3367 homine,
437 3284 498 3376 qui
522 3281 650 3379 plenus
674 3295 795 3376 turget
820 3281 961 3356 dietatis

80 3377 260 3474 sapientiae
284 3381 468 3465 ,carnalis;
518 3383 576 3455 itu
603 3380 803 3455 econtrario
835 3382 892 3456 vit
925 3380 963 3456 &

80 3479 239 3573 operatio
266 3479 375 3553 lucidi
399 3480 557 3575 Spiritus
583 3480 620 3553 in
649 3480 794 3554 homine
817 3478 964 3554 tanain·

80 3592 160 3647 :ato
190 3576 328 3653 habitat
350 3579 456 3676 juxta
481 3579 696 3654 dicentem:
737 3578 833 3656 Vt'vt't
857 3582 892 3653 in
916 3605 965 3652 me

80 3678 234 3773 Christus·
533 3734 537 3739 -
633 3736 635 3740 ,
745 3734 750 3741 .
945 3772 955 3790 ⁰

328 3844 336 3857 ι
485 3775 518 3850 K
542 3800 567 3872 4
798 3782 831 3852 ⁶·
860 3775 958 3866 ηοω
