2452 4372
139 226 170 252 --
209 180 402 295 Dialogus
431 185 475 268 de
505 180 547 285 S·
580 146 787 319 Triniipte·
819 235 842 277 ,·
862 201 952 294 5¹9
1055 114 1058 119 Ι

93 379 177 466 ihi',
203 383 265 478 qui
294 377 689 476 incompreheufibilem
715 372 834 456 Deum
856 380 951 456 noiie

93 505 102 555 ι
121 481 257 557 curiose
275 480 420 557 scrutari
438 478 635 576 probrum,
664 480 723 555 dic
738 482 840 567 mihi,
893 482 951 556 uae'

93 579 106 654 i
134 579 326 655 substantia
367 579 527 678 pulicis,
572 576 610 654 dr
645 579 769 676 qualis
785 578 834 654 est
866 502 950 655 iub}

93 679 186 754 untia
209 683 342 755 animae
359 676 472 776 ejus?
498 680 691 773 Quprnodo
715 678 805 755 citra
823 678 948 756 'iemeri

96 784 180 871 onte
210 778 328 854 existit
350 776 369 852 2
395 778 588 866 Quomodo
621 776 721 854 videt
742 779 949 865 homiuem
1050 814 1054 821 ·

109 890 264 953 mortem
280 888 448 955 metuens
462 875 585 972 fugit?
607 876 713 953 Unde
729 879 837 954 novit
849 900 946 953 rnor-

113 978 148 1051 ie
177 976 376 1053 obnoxium
411 974 532 1052 fore?
575 974 715 1063 Quibus
746 978 954 1075 ratiociniis·

93 1075 264 1151 rusultat‘i
291 1075 395 1152 Unde
421 1076 544 1162 novit,
573 1074 710 1152 hostem
735 1077 799 1153 srbi
823 1077 943 1152 homi-

93 1199 137 1250 em
169 1175 277 1250 effe?
326 1175 398 1251 Ubi
429 1175 668 1283 memorati'pa
701 1174 779 1272 eius
812 1175 868 1250 vis
895 1176 945 1252 err

93 1274 231 1372 posita?
260 1276 350 1362 Quis
378 1297 464 1348 vero
492 1273 616 1348 docuit
638 1297 723 1350 eum
745 1274 784 1351 in
812 1275 945 1352 suturis

93 1377 227 1472 reisque
260 1374 408 1450 vestium
441 1372 474 1447 se
500 1371 763 1450 abscondere?
799 1375 848 1451 Et
872 1396 945 1473 quo

93 1477 200 1549 omine
226 1472 390 1572 pulicem
408 1495 615 1569 nuncupare
641 1474 845 1558 debemus,
884 1478 965 1571 qui·
1056 1499 1060 1511 ·

98 1573 317 1648 scrutatores
338 1573 542 1647 divinitatis
562 1572 628 1646 elie
645 1572 846 1649 volumus?
871 1574 944 1669 Igi-

94 1695 109 1747 r
132 1672 401 1769 quadrupedem
422 1671 609 1746 dicemus:
640 1684 678 1746 at
696 1697 769 1747 non
786 1670 835 1747 eu
852 1693 941 1769 qua·

94 1795 212 1868 upes:
243 1772 419 1869 Bipedem
447 1769 567 1867 ergo?
616 1770 700 1851 Non
722 1772 790 1849 eii:
816 1773 940 1868 itaque
1023 1821 1028 1832 ι

94 1868 201 1967 utile?
222 1870 308 1946 Non
328 1867 396 1954 est,
424 1867 483 1944 sed
507 1870 642 1945 animal
669 1869 728 1961 esc
780 1871 939 1967 Ideoque
974 1943 975 1948 ,

94 1984 174 2046 utor
198 1990 512 2066 unumquemque,
537 1966 601 2066 qui
626 1968 714 2047 'velit
738 1967 807 2049 Dei
831 1990 938 2047 natu·
1010 1992 1015 2003 ⁸

94 2095 124 2145 m
156 2069 421 2154 commentari,
462 2082 503 2143 ut
527 2072 626 2166 prius
658 2067 816 2165 explicet
834 2074 938 2146 uatuss

94 2195 123 2245 u
157 2167 345 2268 parviffimi
379 2167 509 2266 pulicis
531 2222 541 2253 ,
566 2166 716 2268 ejusque
743 2168 933 2267 originem,¹

94 2272 225 2355 imum,
254 2266 409 2351 senium,
452 2265 489 2342 dr
506 2266 652 2363 quando
671 2267 702 2342 is
720 2281 824 2344 certo'
839 2274 934 2344 com·¹
965 2318 978 2329 ι

94 2369 275 2444 eheuderit
298 2366 473 2462 nobisque
500 2365 737 2463 explicaverit
765 2368 930 2465 speciem,

118 2492 234 2562 genus
263 2464 492 2549 substantioe,
533 2488 604 2563 qua
629 2466 775 2565 'constat
800 2468 935 2565 pulicis¹

94 2568 194 2653 ima,
242 2577 329 2642 tunc
360 2563 424 2662 ipsr
452 2564 667 2640 habebimus
697 2563 806 2640 fidem
831 2568 933 2662 quod

96 2690 155 2739 am
183 2688 242 2739 res
267 2662 335 2738 Dei
360 2662 728 2761 incomprebenfibilis
750 2672 933 2763 exponere
1019 2742 1022 2768 i

99 2777 167 2846 eor.
217 2761 351 2851 Quodsi
378 2763 514 2865 dixeris
539 2764 656 2849 mihi,
684 2765 781 2861 quod
808 2766 930 2845 anima

94 2866 191 2948 licis,
222 2864 259 2938 dr
275 2859 449 2959 cujusque
466 2861 562 2938 bruti
579 2863 775 2939 animantis
790 2860 832 2939 fit
852 2862 934 2939 surr·⁴

94 2964 146 3050 is,
173 2983 334 3056 regerem
355 2984 364 3032 :
400 2961 592 3046 Quomodo
619 2961 737 3038 multa
757 2963 933 3040 animolia'

95 3063 142 3136 iio
169 3059 281 3135 effuso
308 3059 477 3154 sanguine
506 3060 672 3140 videmus
704 3060 835 3137 mori?
878 3064 928 3139 Et
1043 3125 1048 3137 ,

95 3163 126 3236 id
148 3160 197 3235 est
220 3159 335 3244 iilud,
362 3159 460 3255 quod
485 3159 523 3234 irr
546 3173 665 3237 morte
685 3161 853 3236 anirbalis
876 3163 929 3239 ci·'

122 3260 327 3355 sanguinem
352 3283 398 3331 ex
427 3256 493 3334 iilo
527 3258 736 3354 egreditur,
764 3262 928 3338 'animam

95 3386 135 3447 m
167 3357 433 3435 substantialem
471 3356 581 3433 solus
606 3356 719 3434 homo
748 3359 896 3456 poffidet
913 3376 931 3434 τ·

103 3472 226 3535 autem
252 3456 401 3533 animali
432 3457 554 3532 anima
584 3457 658 3548 est,
707 3482 779 3532 non
803 3456 959 3547 differ-2
1002 3536 1004 3549 ,
1146 3474 1153 3481 ·

121 3559 211 3634 illud
242 3557 288 3631 ab
314 3556 488 3641 homine,
531 3578 617 3632 narn
643 3555 679 3634 dc
705 3557 816 3632 homo
844 3555 923 3632 san·

95 3683 145 3734 ,ne
180 3654 369 3761 destitutus
393 3651 569 3757 perinde,
604 3669 645 3734 ut
664 3656 815 3739 'brutum
840 3680 918 3730 mo·
1086 3730 1091 3737 .

407 3752 477 3828 uk
503 3777 527 3851 4
763 3756 927 3846 ',.ritur,'
1157 3840 1160 3848 ,

820 4092 957 4223 ..ἐκ
