2452 4358
148 236 158 250 ’
283 278 292 293 ·
351 218 595 369 -Sentenric
673 298 676 305 ·
861 254 949 361 stt

106 451 203 540 epa‘ra
228 443 387 519 animam
410 458 511 521 tuam
526 468 548 518 a
563 441 710 519 scicntia
739 440 843 536 falsa;
872 444 964 523 ete-J

106 565 142 617 m
166 564 234 637 ego
264 542 355 639 saepe
387 543 601 621 tenebrososx
618 565 743 618 eorum
769 541 950 621 senones

106 640 304 735 vestigari,
332 639 370 717 dc
396 642 751 738 venenum'aspidum
768 643 890 718 inveni
911 644 965 717 in·

106 762 162 815 ta»
184 765 257 815 non
284 738 332 813 est
357 740 572 838 prudentia,
608 765 682 815 non
709 740 759 814 eli
781 739 952 838 sapientia

106 839 204 913 ,tiis
228 861 376 934 eorum3
401 863 551 927 omnes,
577 840 638 935 qui
661 839 851 935 suscipiunt
875 863 951 927 coe,

106 937 261 1025 tribunt,
290 937 327 1012 dr
350 938 411 1037 qui
426 939 583 1034 diligunt
606 962 688 1024 eos,
708 940 954 1033 implebuntur

106 1036 188 1111 alis,
264 1036 348 1113 Vidi
379 1060 448 1131 ego
472 1053 592 1134 patres
626 1038 839 1133 dogmatum
870 1037 952 1114 illo·

106 1159 173 1219 rm,
198 1134 236 1210 dr
261 1136 298 1210 in
320 1135 471 1218 desertis
486 1136 646 1214 commifi
663 1161 746 1213 cum
763 1136 857 1213 illis:
884 1139 953 1215 ini.-

106 1236 164 1310 ici.
183 1235 279 1310 enirn
306 1235 453 1311 Domini
487 1235 723 1312 obviaverunt
758 1237 875 1323 mihi,
914 1233 953 1313 δι
1046 1304 1053 1314 t

106 1356 258 1410 emoneo
282 1337 319 1409 in
353 1335 472 1410 verbis
504 1348 803 1411 concertaverunt
826 1337 955 1415 advers

108 1456 150 1510 m
178 1453 259 1522 me,
282 1433 319 1508 dc
344 1457 416 1508 non
441 1434 514 1509 vidi
535 1434 659 1509 lumen
685 1457 811 1510 veruna
828 1437 866 1509 in
884 1435 954 1511 ser·

106 1530 240 1607 onibus
255 1554 389 1609 eorum.
416 1531 482 1608 Vir
498 1533 658 1635 mendax
670 1533 814 1609 excidet
828 1533 952 1622 aDco,
999 1580 1002 1584 ·

106 1631 247 1722 ducens
264 1644 386 1709 autem
401 1633 607 1726 proximum
632 1633 767 1709 incidet
786 1634 824 1709 in
843 1633 953 1710 mala.
1004 1714 1007 1721 ff

110 1733 204 1806 elior
228 1729 276 1806 est
291 1732 473 1828 paradisus
489 1731 557 1804 Dei
580 1730 683 1827 super
708 1732 955 1808 hortum.olu.·

106 1830 274 1918 olorum,
298 1831 341 1925 .&
366 1830 499 1915 fluvius
517 1829 664 1906 Domini
681 1830 782 1927 super
803 1828 955 1913 fluuium

106 1952 244 2024 agnum
270 1929 587 2004 contenebrantem
610 1941 754 2005 terram.
796 1929 955 2019 liidelior

106 2052 168 2125 pua
188 2027 338 2103 coelestis
356 2029 458 2124 super
476 2050 607 2125 aquam
624 2029 878 2126 AEgyptiorum
902 2029 956 2115 sa·
1015 2104 1018 2109 K
1083 2032 1086 2037 '
1159 2108 1162 2118 ⁸

106 2128 249 2201 entium
274 2128 515 2209 haurientium
532 2127 579 2202 de
603 2139 710 2213 terra,
749 2129 834 2215 Qui
854 2130 956 2205 exal·
1079 2171 1082 2175 ν
1154 2158 1156 2163 ·

107 2239 152 2302 nt
170 2229 277 2300 verba
291 2227 363 2311 sua,
388 2225 634 2302 humiliantur.
676 2227 863 2333 Sapientia
879 2229 956 2302 Do·

107 2325 163 2403 ini
190 2326 329 2401 exaltat
350 2347 439 2413 cor,
483 2326 686 2401 intelletlus
709 2341 831 2405 autem
855 2327 970 2409 illius„

106 2424 239 2499 nificat
266 2424 368 2500 illud.
426 2426 603 2500 Rationes
627 2425 869 2503 Providentiae
885 2429 955 2502 ob·

106 2547 212 2610 urae,
239 2522 276 2598 dr
299 2527 362 2599 vix
385 2523 632 2618 intelligibiles
654 2524 957 2603 considerationes

111 2623 217 2697 dicii:
244 2623 435 2698 vitantem
452 2622 544 2697 bene
563 2648 675 2718 agens
684 2627 871 2719 cognoscit
880 2648 955 2703 eas.
1080 2618 1094 2691 s

106 2723 146 2797 ui
168 2721 333 2818 purificat
355 2723 410 2807 se,
437 2723 630 2819 conspiciet
653 2737 802 2799 naturas
823 2725 959 2803 intelli·

106 2821 231 2908 biles,
259 2823 418 2897 rationes
435 2835 559 2898 autem
574 2822 856 2920 incorporalium
872 2847 959 2921 cog·
1096 2863 1100 2872 -
1152 2794 1154 2803 Ι

106 2920 198 2998 ascet
213 2921 414 2997 monachus
433 2922 544 2997 ruitis.
589 2923 662 3008 Qui
682 2934 885 2999 creaturam
903 2924 958 3003 di·
1033 2976 1035 2979 -
1070 2944 1072 2948 ·

106 3033 128 3097 t
153 3020 394 3108 Trinitatem,
422 3020 650 3117 blasphemat
670 3021 809 3110 Deum,
836 3022 874 3099 dr
896 3026 959 3120 qui

106 3120 208 3194 eruit
232 3120 410 3195 Chrillum
433 3120 531 3214 eJus,
557 3143 630 3194 non
653 3120 835 3215 cognoscit
862 3136 957 3197 eum.

108 3218 392 3293 onlidetationes
416 3234 661 3295 creaturarum
691 3220 846 3298 dilatant
875 3242 958 3305 cor,

106 3319 189 3394 erba
230 3333 351 3394 autem
400 3320 600 3417 prudentiae
650 3321 814 3395 exaltant
857 3320 960 3399 illud.

106 3417 240 3492 cientla
268 3418 546 3514 incorporalium
577 3417 889 3505 elevamentum,
924 3420 962 3496 dt

106 3516 221 3592 anua
249 3516 416 3591 Trinitati
439 3515 633 3612 applicabit
654 3541 749 3592 cunr.
800 3520 965 3595 Memen-

106 3629 157 3690 ›te
198 3614 306 3711 ejus„
357 3616 419 3713 qui
455 3616 556 3690 dedit
593 3616 696 3692 vobis
731 3618 767 3692 in
806 3617 964 3692 Domino

106 3715 513 3800 interpretamenta,
556 3713 594 3790 dc
627 3741 700 3792 uon
728 3714 964 3793 obliviscami-
1054 3722 1057 3727 '

470 3811 537 3892 00
560 3838 581 3913 5
835 3900 839 3911 K
895 3817 963 3908 „ul
