2452 4372
140 200 231 353 Ι376
307 284 310 289 ·
463 198 768 345 ,3.Λὲᾑηὶὶ’·

236 458 290 511 ιο.
326 428 523 525 „Narravit
551 430 745 527 aliquando
770 426 981 515 Arsenius»,
1011 422 1060 505 ie⁴

120 554 261 621 „mem
292 531 486 628 aliquando
518 531 556 608 in
589 528 649 606 sua
684 527 777 605 celia
811 527 909 603 bane
935 546 1058 603 vocent

149 626 373 725 „audivisse3
398 631 501 717 reni,
514 629 709 707 :ostendam
729 627 796 705 tibi
814 647 927 726 opera
944 625 1057 701 homi·

150 752 278 821 „num
327 728 376 805 Et
399 728 551 805 ostendis
576 729 631 805 ilii
653 728 857 825 aethiopem
870 726 974 823 ligna
996 746 1060 805 σε·

122 874 127 897 ·.
149 834 322 919 „dentem
343 883 352 916 ,
387 826 495 905 &ex
519 827 593 902 illis
617 828 722 904 novis
751 826 891 924 semper
919 822 1061 923 adiettis
1094 826 1105 883 i

56 946 61 957 “
151 928 352 1019 „sarcinam
372 940 668 1024 componentem,
692 947 800 1027 quam
822 937 975 1024 portare.
993 936 1061 997 nnn
1092 918 1105 993 s

58 1096 62 1104 .
151 1040 345 1126 „poteratt
372 1025 410 1103 dt
427 1026 487 1102 hie
510 1026 559 1100 est
584 1029 696 1103 homo
718 1022 866 1101 onustus
893 1020 1061 1123 peccatis,
1101 1020 1105 1037 '

152 1128 243 1225 „qui
268 1126 351 1201 loen
380 1126 604 1222 poenitentiae
635 1126 726 1201 alias
749 1123 873 1221 adjicit
899 1121 1063 1219 iniquita·

154 1238 239 1317 „tes
269 1226 316 1301 ad
341 1228 491 1323 peccata
517 1225 588 1299 sna.
656 1224 765 1299 Arius
788 1222 904 1298 homo
927 1220 1063 1299 haurie-

153 1325 246 1417 „bat
265 1345 397 1422 aquam
419 1347 466 1400 ex
490 1324 591 1410 lacn,
614 1324 652 1401 dr
670 1320 916 1399 transferebat
934 1323 975 1397 in
993 1338 1063 1418 per·

154 1421 302 1521 „tusum
328 1447 420 1511 ras,
458 1424 554 1520 quod
578 1446 659 1500 eam
689 1424 727 1498 in
756 1422 878 1497 lacum
902 1418 1063 1496 refundu-

154 1523 273 1615 „bate
308 1521 347 1599 dt
370 1523 419 1598 est
446 1523 508 1599 isle
538 1522 678 1611 homo,
717 1521 954 1621 quiquidem
979 1520 1063 1597 bons

154 1644 293 1719 ,aspera
319 1622 434 1709 sarit,
471 1622 530 1697 sed
553 1623 637 1719 quia
660 1620 757 1699 mala
786 1642 870 1697 cum
894 1618 972 1695 iilis
994 1636 1064 1717 per·

155 1721 285 1813 „misia
310 1722 448 1808 habet,
482 1721 520 1796 in
542 1746 587 1795 eo
608 1722 719 1797 etiam
743 1722 839 1796 bona
861 1738 989 1821 npetu¹
1051 1752 1065 1773 ·

154 1820 287 1914 „didit
337 1819 439 1897 Tunc
457 1820 549 1896 vidit
570 1821 765 1917 ternplum,
789 1842 833 1893 ac
854 1817 954 1893 duos

154 1916 347 2010 „sedentes
369 1920 406 1995 in
431 1919 555 2016 equis,
582 1920 619 1994 δι
639 1929 824 2016 portantes
842 1917 989 2013 lignum
1011 1914 1065 1989 nb·

155 2019 305 2115 „lique,
345 2019 442 2094 unde
473 2040 537 2114 per
560 2017 710 2114 januam
737 2017 877 2111 ingredi
911 2039 987 2091 nnn
1011 2036 1065 2112 pr-

155 2129 329 2208 „terant,
377 2118 438 2214 qui
460 2119 541 2193 sunt
563 2119 636 2206 iili,
679 2119 741 2214 qui
769 2115 916 2212 justitiae
947 2115 1065 2212 jugum

156 2229 330 2312 „portant
355 2240 440 2292 cnm
469 2218 657 2313 superbia,
698 2239 766 2293 nec
789 2213 921 2293 volunt
947 2212 985 2290 se
1009 2213 1065 2289 bu·

56 2386 59 2393 .
157 2314 319 2411 „militer
345 2316 548 2393 demittere.

149 2566 152 2571 -
206 2549 209 2553 ·
231 2537 289 2588 11.
315 2511 439 2597 „Dum
456 2511 651 2611 aliquando
667 2520 862 2606 aegrotaret
886 2508 1065 2593 Arseniur.
1100 2557 1105 2583 .

157 2612 375 2708 „presbyter
393 2610 499 2687 duxit
525 2636 609 2687 eum
635 2612 671 2686 in
696 2609 915 2697 Ecclesram,
945 2608 1069 2711 pnsuitf
1101 2684 1105 2701 ,

156 2709 324 2806 „quein
356 2709 463 2785 sirato
499 2733 582 2787 eum
618 2731 729 2808 parvo
765 2709 967 2798 cervicali,
1007 2718 1070 2806 qut
1102 2759 1105 2773 ·

155 2807 257 2899 „viso
282 2807 389 2885 senex
415 2808 546 2905 aliquis
573 2809 778 2885 scandalum
805 2806 983 2906 sumpsit,
1020 2802 1070 2885 mi

155 2906 371 3003 ,presbyter
397 2909 522 2984 dixit:
546 2909 649 2984 vides
670 2909 770 2983 bunc
794 2906 985 2983 Abbatem
1011 2904 1072 2997 Ar,-

154 3006 340 3096 „seninm,
366 3008 512 3103 quando
538 3007 575 3082 in
604 3009 741 3087 mundo
758 3007 994 3093 versabatur,
1016 3028 1070 3103 pas

155 3117 239 3194 „ter
262 3106 384 3181 extitit
409 3107 690 3202 Imperatorum,
716 3105 816 3201 mille
844 3103 939 3181 servi
967 3122 1069 3183 aurea

119 3221 122 3231 '
153 3202 282 3293 „zona
315 3203 421 3293 vinsti
446 3203 644 3282 assistebant
676 3205 739 3291 εἰς
781 3218 823 3279 tu
859 3217 988 3281 autem
1013 3202 1070 3279 Pa·

70 3346 77 3375 r
152 3300 248 3392 „stur
273 3301 387 3388 suisti,
424 3327 491 3380 nee
514 3304 674 3381 habebas
702 3303 935 3390 inmundo,
971 3314 1069 3401 qnam

154 3424 278 3492 „nunc
303 3399 453 3497 poffides
470 3405 652 3500 requiem,
681 3400 798 3477 atille
819 3394 980 3483 delitiis,
1003 3398 1069 3499 qui·

157 3501 340 3590 „bassum
374 3501 518 3577 vivebat
549 3502 587 3577 in
613 3500 763 3587 saeculo,
791 3500 852 3575 hic
878 3514 1008 3597 earet:
1032 3518 1069 3571 en

159 3599 295 3694 „igitur
328 3611 370 3672 tu
403 3602 525 3674 animo
554 3600 746 3696 indulges,
785 3598 850 3673 ilie
880 3599 1068 3676 afflisiatur.

161 3699 329 3793 „Quibus
357 3697 491 3777 auditis
522 3697 630 3791 senex
656 3696 893 3802 compnnstus
924 3698 996 3783 est,
1019 3716 1070 3811 re

979 3814 1067 3890 sinu.
