2452 4358
316 219 456 339 Capita
484 160 682 323 Prinna
708 204 800 321 &a
829 204 843 220 ⁶
924 242 1013 344 343.

114 440 251 500 monet
265 440 348 497 eam
365 391 497 498 animia
513 433 652 523 nartem
669 416 902 514 adoriuntur,
935 448 1008 526 qua

115 521 452 620 perturbationibus
469 518 663 610 afficimur,
689 524 858 601 dicuntur
870 526 926 602 iiii
940 550 1008 628 op·

115 621 205 719 poni
234 619 362 699 aurea
383 621 490 713 vitae3
519 633 557 697 at
579 622 642 719 qni
667 622 759 719 parti
783 625 1009 706 rationatrioi

115 717 319 797 molestam
341 715 515 806 afferunt,
544 721 664 797 omnia
683 722 847 799 veritatis
869 726 1009 805 inimici
1136 754 1153 799 ,κ

115 818 376 905 nominantur,
395 816 438 896 ἀ
463 820 781 917 contemplationis
804 822 1008 933 adumsarii.
1062 852 1067 869 ·
1143 838 1149 844 ·

164 1010 226 1085 57.
254 984 382 1073 „Nihil
399 1010 544 1077 eorum,
573 1011 656 1087 quae
673 1004 829 1089 purgant
842 992 1026 1091 corpora,'

115 1100 393 1197 remanetqcurn
417 1089 607 1184 purgatis:
649 1101 689 1166 at
713 1093 871 1185 virtutes
902 1093 1009 1173 iimui

115 1184 159 1265 δι
190 1184 381 1285 purificant
406 1188 592 1276 animam,
638 1188 676 1266 ἀ
705 1213 790 1267 cum
817 1192 1007 1292 purificata
1049 1190 1055 1215 '

115 1298 403 1363 commorantur.

164 1470 226 1549 58.
253 1452 487 1540 „Secundum
508 1464 675 1532 naturam
694 1469 863 1556 operatur
881 1461 1005 1535 anima

115 1554 335 1642 rationalia,
385 1555 532 1652 quando
557 1568 637 1632 tum
661 1578 743 1651 part
765 1558 888 1647 iltius,
929 1579 1003 1655 qua

115 1652 365 1750 concupiscit,
402 1653 574 1731 virtutem
596 1655 759 1755 appetit,
781 1668 862 1734 tum
892 1679 1003 1755 pars,
1134 1654 1137 1659 ’

116 1754 191 1853 p'na
215 1750 394 1840 irascitur,
426 1772 491 1851 pro
515 1753 643 1830 eadem
665 1756 1001 1845 virtute'decertat,

116 1868 200 1930 tum
227 1874 332 1949 pars,
365 1870 437 1951 qna
461 1853 698 1929 ratiocinatur
719 1854 757 1931 iu
779 1866 1005 1945 creaturam,

116 1953 297 2030 incumbit
324 1952 362 2027 in
387 1950 746 2052 contemplationem.

116 2158 233 2322 nii,
250 2137 347 2314 iiii
372 2133 1004 2341 iiiiiniiiinit⁰itiffi
1072 2242 1107 2299 ι,

116 2352 194 2417 tem
221 2338 258 2411 in
281 2333 610 2432 contemplatione,
637 2336 892 2431 ignorantiam.
953 2330 1003 2414 Et

116 2438 279 2536 priorum
309 2435 456 2532 quidem
488 2436 557 2509 erit
591 2433 787 2530 aliquando
818 2435 1005 2512 destrntiio

116 2534 320 2621 notabilis,
351 2535 589 2629 ignorationis
619 2555 706 2610 vero
729 2532 879 2611 alteriue
901 2534 1005 2632 aium

116 2637 231 2714 finem
253 2635 354 2721 sore,
381 2633 531 2709 alterius
555 2654 795 2731 nequaquam.

161 2809 225 2882 oo.
252 2805 370 2893 „Quae
392 2802 431 2879 in
459 2801 524 2879 usu
553 2801 780 2889 inurbane,
823 2799 862 2880 ἀ
885 2752 1006 2894 maia,

116 2908 297 2984 uirtutum
326 2902 365 2980 ὅ(
390 2901 560 2979 vitiorum
593 2900 673 2978 sunt
696 2899 915 2981 efficientia:
954 2904 1004 2980 ad

117 3003 350 3107 prudentiam
366 3023 452 3079 uero
467 2999 620 3100 spetiat,
644 3001 691 3078 iis
707 3001 763 3080 uti
776 3002 824 3079 ad
839 3014 1005 3103 utraque.
1101 3048 1108 3057 -
1185 3090 1189 3101 ,

122 3220 128 3228 ·
160 3195 225 3265 ὁι.
254 3180 376 3273 „Cum
404 3185 526 3263 anima
550 3183 738 3262 rationalis
760 3186 876 3264 tribus
901 3187 1012 3284 parti·

117 3291 188 3367 bus
213 3284 373 3373 constet,
412 3282 577 3363 firirtus
606 3285 836 3380 occupaverit
868 3298 1008 3382 purtem

117 3382 420 3481 ratiocinantem,
447 3398 599 3463 vocatur
615 3384 823 3480 prudentia,
848 3383 1014 3461 &intelo

117 3485 286 3583 ligentia,
310 3482 347 3561 ἃ
374 3482 556 3583 sapientia.
613 3482 654 3559 Si
674 3482 1006 3580 concupiscentem,

117 3585 387 3686 temperantia,
425 3582 463 3660 st
490 3580 647 3659 charitar
659 3626 672 3671 ,
703 3580 743 3660 ἀ
762 3582 1006 3658 continentia:

952 3674 1124 3783 „ss„

126 3794 265 3869 &strum
280 3787 424 3880 Annipfir
439 3784 520 3861 Tora.
534 3784 618 3860 XV(
681 3788 684 3795 ’
754 3768 796 3856 Μ
803 3796 843 3857 m
894 3854 908 3865 ‚
