2452 4358
309 192 407 317 ⁸rie
438 230 520 318 osio
549 229 673 347 vitius.
700 231 815 343 cogit.
955 239 1051 351 ,567
1145 269 1150 282 ·

136 450 210 525 „ce
224 427 505 526 ,depingebant-
538 428 658 526 Hujus
691 430 863 507 trastatuc
890 450 1052 527 graecum

140 544 315 620 „textum
334 554 380 603 ex
406 531 547 606 duobus
569 528 753 609 codicibus
771 531 879 627 regiis
901 537 938 607 in
960 536 1054 613 intee
1088 540 1091 547 “

140 652 276 724 „grum
290 628 477 705 restitueris
496 652 592 704 anno
610 637 713 713 1080.
723 629 865 704 Parisiis
880 630 918 705 in
932 631 1052 713 iucem

137 727 296 818 „eduxit
316 728 505 822 Bigotius‚
538 751 646 822 quam
664 728 859 803 editionem
885 730 957 806 snae
969 730 1053 805 Bib-

135 819 336 915 „liothecae
360 824 506 903 inseruit
529 827 761 912 Gallandins,
790 827 948 924 appofita
971 829 1051 902 vul·

135 927 244 1019 ,gari
272 926 567 1022 interpretatione
592 925 630 1001 in
646 925 875 1003 Bibliotheca
901 929 1050 1004 Petrum
1075 962 1078 967 ⁵

138 1023 348 1114 „Parisrensr
365 1037 534 1110 extante,
561 1023 936 1114 insermendum,
967 1048 1050 1124 quae
1134 1100 1136 1115 ,

138 1126 206 1216 „in
241 1124 303 1201 suo
337 1124 536 1218 exemplari
565 1123 708 1218 legebat
736 1138 842 1200 vetus
874 1127 1051 1223 interpres¹

133 1222 238 1316 „uve
262 1221 417 1299 Rufinus
441 1223 512 1298 srre
535 1223 745 1298 Gennadius
774 1248 820 1297 ex
847 1227 929 1313 aliie
954 1228 1053 1306 uva.
1174 1232 1183 1241 ‘

133 1324 233 1419 „gut
260 1322 420 1399 asceticis
438 1321 773 1413 'lucubrationibus
1019 1322 1024 1337 '

216 1547 249 1597 2.
278 1516 396 1608 „Otto
410 1519 546 1595 summe
560 1518 766 1595 vitioserum
783 1519 1044 1614 cogitationum
1063 1516 1203 1584 oroma·

135 1620 248 1712 „sunt
280 1641 438 1714 genera,
472 1619 534 1693 sub
563 1619 694 1714 quibus
728 1619 847 1693 omnis
871 1601 1095 1712 cogitandos?
1115 1608 1201 1686 ‘⁰3²'

136 1719 371 1812 „continetur
390 1744 397 1788 :
435 1721 549 1812 prima
569 1716 617 1790 eu
638 1718 753 1813 gnlae,
790 1716 943 1803 secunda
966 1718 1048 1796 libi·
1062 1697 1185 1757 “mm“

136 1819 297 1911 ‚,dinis,
343 1816 450 1891 tertia
482 1817 671 1901 avaritiae
717 1830 844 1912 quarta
876 1818 1047 1906 tristitiae,

136 1918 293 2014 „quinta
319 1916 410 2001 irae,
437 1915 536 1989 sexta
561 1915 730 2003 desidite,
760 1913 908 2013 septima
929 1918 1049 1995 inanis

136 2017 313 2112 „gsoriae‚
358 2015 483 2089 osiara
506 2015 698 2110 superbiae:
730 2014 791 2089 hae
820 2030 944 2101 autem
971 2041 1050 2093 om·

137 2139 250 2204 „ues,
280 2129 320 2188 ut
343 2115 476 2191 animae
498 2116 684 2207 negotium
708 2111 903 2202 facessant,
930 2119 967 2193 iu
985 2143 1048 2193 no·

137 2216 223 2305 „bis
248 2213 352 2288 srtum
380 2238 451 2287 non
477 2212 543 2297 est,
569 2226 610 2287 ut
638 2214 818 2287 auternin
843 2237 1050 2301 eameram

120 2339 238 2404 „non
256 2313 424 2407 trahant,
452 2312 510 2387 rei
533 2316 698 2397 trabant,
727 2323 791 2387 aut
813 2314 1052 2408 perturbatio·
1076 2362 1079 2366 Α

135 2437 230 2504 „nes
256 2414 441 2498 excitent,
486 2415 545 2487 vel
572 2436 645 2487 non
676 2412 863 2504 excirent,
903 2416 1051 2499 itinero

135 2511 271 2606 „nostri
296 2509 433 2586 arbitrii
457 2535 500 2585 ec
524 2510 708 2607 potestatis
733 2508 792 2584 esi.
1077 2511 1080 2519 “

210 2736 245 2805 3.
273 2706 408 2794 „Gulae
430 2707 603 2802 cogitatio
629 2704 809 2781 monacho
834 2702 1046 2780 intuentem
1065 2716 1161 2783 Gale.
1218 2748 1222 2755 ·

134 2808 347 2903 „immitem
376 2819 542 2902 utquam
560 2806 744 2881 celerrime
764 2804 956 2879 acolendo
974 2806 1048 2900 pie·
1111 2867 1116 2875 ,

94 2936 110 2955 ·
135 2911 253 3003 „tatio
283 2908 444 2990 instituto
466 2905 659 2989 desciscat,
689 2903 860 2980 stomachi
880 2905 1049 2991 nimirum

128 3008 203 3103 ·„&
228 3007 394 3104 hepatis,
420 3004 458 3080 tir
489 3004 617 3101 splenis
646 3003 791 3077 dotores
813 3059 822 3089 ,
849 3001 886 3076 sir
913 3003 1048 3098 hydro·

135 3109 293 3205 „poim,
327 3106 364 3179 <ir
395 3106 605 3179 diuturnum
635 3105 800 3178 morbum
819 3158 850 3205 ,ἢ
866 3099 904 3175 sir
930 3123 1050 3187 rerum
1177 3160 1180 3165 .

134 3205 435 3302 „necessariarum
463 3204 649 3299 penuriam
680 3224 723 3276 ac
747 3201 968 3287 medicorum
997 3202 1051 3274 in·
1114 3197 1117 3207 '

133 3307 288 3403 „opiam
319 3307 365 3377 ob
396 3302 503 3399 ipsrnc
530 3302 663 3378 oculos
697 3302 918 3395 depingerem
946 3300 1053 3394 -quin

133 3409 259 3501 „t'aepe
285 3425 436 3500 ‚quoque
458 3403 709 3499 quorumdam
736 3398 890 3473 statuum
916 3420 1054 3477 memo·

133 3506 257 3598 ,etiam
284 3505 388 3578 nobis
411 3502 577 3587 refricat,
611 3508 672 3595 qut
693 3501 730 3572 in
758 3499 837 3573 baec
857 3499 1056 3571 incommo·
1144 3566 1156 3586 ,

130 3605 217 3697 „nia
247 3603 480 3687 inciderunt,
503 3602 542 3676 δι
567 3598 750 3677 interdum
777 3598 884 3672 etiam
915 3619 978 3669 eos
1002 3598 1056 3691 ip·

131 3704 257 3796 „·scs,
290 3703 353 3799 qui
379 3700 558 3800 ejusmodi
567 3699 817 3872 &ncommodis
842 3693 957 3771 aisesti
981 3695 1059 3771 sue·
1188 3711 1191 3718 ·

621 3820 694 3892 n4
934 3809 1056 3881 „runt
