2452 4372
45 338 55 366 ,
188 219 273 371 'aba
304 214 314 273 Ἰ
450 278 495 370 Β.
526 270 632 398 isaia
661 272 822 372 Attius

87 490 91 495 ’
189 487 275 566 „tos
295 475 333 553 dt
351 477 468 554 claros
492 479 592 553 viros
618 483 798 558 numerari
823 478 1086 572 contendimus,

192 579 289 667 „Qui
308 592 393 663 tunc
408 591 615 674 paupertate
631 582 742 657 euasti
762 582 1041 679 temperantiam
1055 582 1088 654 ir
1121 620 1123 633 ι

189 678 352 766 „mundo
377 676 663 773 complemur,
690 704 785 755 nunc
809 694 935 757 autem
949 679 1008 755 ‘ad
1030 679 1084 753 ab·

188 774 416 863 „iiineutiam
445 778 564 852 vocati
591 779 812 856 saturitatem
836 783 976 855 ventris
1005 776 1088 852 suni·
1118 792 1123 829 ¹

133 928 137 953 ,
189 898 278 964 „mo
315 876 428 951 studio
460 876 728 953 comedamur:
770 879 831 976 qui
861 878 1038 953 diuitibus
1057 875 1098 949 dt.

190 977 424 1070 „potentibus
449 975 588 1070 placere
612 976 811 1064 studemus,
839 998 1018 1075 pauperes
1034 996 1092 1053 an.
1120 996 1123 1053 ;

192 1086 295 1163 „tem
311 1074 348 1150 dr
368 1074 541 1170 supplices
557 1088 741 1173 tamquam
765 1074 1010 1179 importunam
1023 1089 1084 1153 tur·

192 1171 302 1262 „bam
328 1173 540 1254 aversamur.

5 1377 187 1447 .Voetocen·
220 1375 222 1379 ’
265 1397 298 1467 3.
325 1371 418 1458 ;‚Vne
446 1371 579 1455 nobis,
620 1371 680 1467 qui
703 1393 775 1445 non
797 1392 843 1445 ex
864 1370 1002 1447 virtute
1029 1366 1081 1443 bc·

18 1462 95 1528 tibus
124 1464 163 1535 tt
199 1476 371 1556 „mines‚
404 1471 462 1546 sed
491 1494 537 1544 ex
565 1471 731 1564 opinione
758 1471 949 1565 pendimus
967 1466 1084 1565 ,findi

19 1567 101 1645 ”W
129 1574 148 1612 ‘⁴
200 1568 261 1655 „di
293 1571 386 1649 bona
417 1572 615 1653 docemus,
658 1567 717 1642 sed
746 1593 768 1641 a
797 1570 900 1643 bunis
930 1570 1081 1666 operibui

17 1644 102 1700 “⁰¹“
160 1682 167 1706 ⁸
197 1668 420 1764 „iongiffime
457 1668 650 1742 absumus:
690 1667 751 1762 qui
780 1677 882 1742 tanta
919 1690 1004 1742 cura
1035 1684 1082 1763 pru

195 1768 368 1857 „caducis
393 1766 622 1852 laboramus,
657 1766 829 1862 temporis
854 1777 978 1842 antem
1006 1780 1081 1841 incr·

191 1869 278 1954 „tis
294 1867 420 1944 uostrae
442 1867 579 1941 nuliam
605 1887 728 1951 curam
756 1865 972 1963 suscipimus.
1028 1859 1083 1951 Qui
1120 1942 1123 1949 ,

194 1986 305 2054 „cum
329 1968 373 2039 de
403 1969 502 2042 omni
529 1964 636 2042 verbo
667 1963 932 2041 &adiuuent
961 1964 1081 2059 cogtu·
1119 2044 1123 2052 Α

9 2060 32 2082 ”
73 2120 76 2125 -
152 2106 155 2111 ·
195 2065 321 2154 „tione
344 2064 421 2142 Deo
440 2063 550 2162 jndici
574 2064 750 2138 rationem
782 2064 956 2138 reddituri
977 2062 1082 2141 umus.

195 2176 341 2251 „toturn
369 2165 454 2240 vitae
479 2162 605 2237 nostrae
630 2176 772 2259 tempus
797 2160 877 2237 sine
894 2161 971 2238 ulla
997 2160 1086 2257 huju

139 2268 142 2273 ’
192 2263 271 2351 „rei
296 2261 535 2338 sollicitudine
561 2259 806 2354 transigimus:
831 2261 891 2357 qui
921 2262 959 2337 in
984 2259 1088 2336 homi·

191 2384 305 2450 „num
318 2359 502 2456 conspedu
519 2380 664 2456 peccare
680 2361 899 2446 metuimus,
917 2370 1006 2435 ante
1018 2381 1089 2434 neu·

190 2459 273 2549 „los
307 2472 428 2541 autern
463 2461 584 2533 omnia
612 2461 791 2547 cernentis
816 2458 885 2533 Dei
910 2472 1093 2557 peccantes

23 2578 26 2591 ·
77 2572 86 2586 “
192 2583 291 2649 „non
317 2558 642 2644 contremiscimus,
677 2557 713 2632 dt
743 2557 909 2631 homines
929 2559 973 2635 in
1004 2581 1094 2634 mun·

135 2680 138 2685 ·
192 2660 267 2747 „do
285 2659 457 2753 degenies
475 2659 632 2754 peccatis
645 2655 861 2752 superamus.
884 2656 995 2749 Alios
1008 2678 1095 2735 acer·

193 2757 265 2847 „b'e
286 2758 600 2854 reprehendimus,
631 2777 790 2850 pugnare
810 2778 893 2831 curn
914 2757 1017 2833 vitiis
1042 2756 1096 2831 ob·

192 2855 434 2944 „licissimum
459 2857 684 2930 detestandas
707 2854 964 2931 delestationes
981 2855 1097 2943 conse

191 2953 385 3045 „iiamun
426 2953 462 3031 dt
491 2956 577 3030 licet
605 2976 672 3027 nos
700 2951 851 3028 affiduos
877 2956 1099 3031 conscientie

80 3084 84 3090 ·
192 3054 382 3143 „stimulos
398 3054 701 3149 reprehendentes
718 3077 785 3128 nos
804 3053 1015 3145 sentiamus,
1030 3050 1100 3130 ‘ner

109 3224 117 3245 Ι
193 3151 400 3247 „judicium
427 3178 500 3232 uon
530 3153 779 3231 formidamus.

268 3374 302 3443 4.
330 3349 426 3438 „Van
445 3349 567 3436 uobis,
595 3350 654 3446 qui
677 3350 784 3425 rebus
804 3345 976 3424 inanibus
1001 3366 1100 3423 necn-

199 3448 301 3542 „puti
327 3448 438 3525 divini
471 3448 611 3525 timoris
647 3447 911 3535 obliviscimur,
947 3447 1018 3523 Dei
1045 3466 1100 3543 pu·

198 3547 350 3636 „tieutia
384 3547 431 3627 ad
461 3549 680 3643 peccandum
713 3547 911 3621 abutimur:
958 3546 1021 3645 qui
1047 3550 1123 3641 pit-⁴

201 3668 309 3733 „nem
339 3645 546 3723 &calicem
571 3647 715 3721 Domini
744 3646 890 3739 indigue
911 3644 1102 3721 manduca·

198 3767 308 3834 „mus
334 3744 372 3828 dt
400 3746 579 3832 bibimus,
624 3755 771 3845 peccata
803 3745 1006 3843 lugemus,
1048 3735 1123 3817 sed·

1000 3858 1106 3943 ”99⁶⁴-
