2452 4372
239 234 443 329 drunione
460 230 563 356 corp.¹
591 241 643 337 c&
663 242 816 333 tuimae.
867 238 969 354 '297'
1013 166 1020 209 ι

83 438 184 527 tuse,
212 438 272 515 sed
293 452 418 516 contra
432 441 553 539 potius
573 441 611 517 in
636 466 680 517 ea
704 460 856 540 corpns;
890 462 964 514 non

83 542 180 615 enim
204 560 288 634 quae
310 556 505 617 cernuntur
528 541 764 637 intelligentia
791 565 813 615 a
839 560 965 635 corpo·

83 639 184 715 ribus
200 638 373 739 impedita
391 639 450 714 scd
472 661 535 737 per
553 652 672 716 totum
692 662 823 737 corpus
839 661 965 714 mean·

84 738 137 813 ¹tiu
150 759 321 835 corporeo
333 737 416 812 loco
432 739 686 836 comprehendi
701 738 859 839 poliunt,
881 760 965 812 curn
1080 754 1093 773 ⁶

84 838 182 913 enim
198 837 446 932 magnitudine
463 838 500 913 dt
517 840 677 935 partibus
694 843 858 923 careants,
887 835 967 910 nul·
995 854 1000 861 ·
1035 880 1038 885 -
1060 856 1063 863 ·
1117 850 1124 881 ²

84 934 120 1011 la
142 935 215 1011 loci
238 948 339 1031 purte
362 936 599 1013 circumscribi
630 938 797 1034 poliunt,
832 935 891 1010 led
906 953 969 1030 per
1041 1028 1044 1033 Ι
1099 945 1126 963 ··

84 1034 290 1111 abuiioncm
323 1034 361 1109 in
387 1037 482 1112 ·loco
522 1036 589 1111 elle
622 1038 791 1112 dicuntur
822 1047 966 1132 proptor
1012 1108 1028 1138 ¹„
1120 1044 1124 1055 '

84 1136 245 1211 muneris
267 1133 616 1233 funstionem‚gquae
637 1135 713 1211 illic
735 1134 801 1221 est,
828 1134 967 1208 locum·
1070 1164 1093 1231 χ
1124 1219 1127 1225 ,

84 1254 155 1331 quc
187 1256 264 1331 pro·
283 1233 493 1313 habitudine
520 1234 559 1311 dt
576 1235 770 1312 'funilione
804 1234 965 1311 muneris

85 1334 292 1434 occipimus.
502 1365 506 1375 ·
740 1342 743 1347 '

85 1528 466 1706 ,nstituit
491 1528 963 1705 sunum

85 1726 187 1811 niet,
217 1748 288 1825 qur
314 1727 390 1825 post
417 1729 588 1804 unionem
613 1748 730 1823 neque
754 1728 959 1815 confusum,
986 1718 1147 1850 ΡἫΡ,

85 1846 201 1921 neque
233 1828 529 1925 'comprehensum
553 1829 603 1901 ab·
628 1826 775 1901 homine
793 1826 867 1911 -e'll,
895 1836 968 1902 non
981 1803 1014 1849 ⁸*
1086 1783 1145 1869 f*

86 1936 207 2027 tumen
240 1926 289 2001 sd
315 1928 483 2020 eumdem
512 1926 691 2010 modum,
732 1946 806 2021 quo
830 1926 969 2002 animo:

90 2022 166 2099 boeo
193 2026 290 2103 enim
321 2050 405 2100 curu
438 2025 675 2121 multiplicata
715 2023 784 2113 iit,
811 2024 971 2102 ¹videtur

86 2124 206 2199 :otlam'
234 2123 434 2200 consentire
467 2138 611 2223 propter
643 2124 848 2221 societatem
886 2149 970 2203 curu

90 2236 259 2319 corpore,
302 2223 340 2300 dt
368 2239 448 2301 turn
479 2223 593 2325 ipsum
625 2234 776 2311 tenere,
805 2238 896 2299 'turn
924 2228 970 2300 ab

86 2318 159 2417 iplo
191 2322 316 2399 teneri.
369 2324 421 2399 At
443 2322 545 2401 Deus
568 2323 725 2403 Verbum
745 2323 889 2399 nihils
915 2325 971 2399 io-

87 2418 218 2497 tistatc
235 2424 394 2518 corporis
415 2422 453 2499 dt
476 2425 612 2498 animae
631 2423 886 2511 immutatum,
909 2448 968 2499 ne

87 2574 90 2591 .
172 2520 318 2595 illorum
336 2522 594 2597 imbecillitatis
613 2523 812 2619 particeps,
839 2520 899 2597 led
914 2523 969 2597 eis
1063 2526 1068 2565 ¹
1186 2546 1192 2571 ¹

87 2674 90 2685 .
127 2618 289 2695 vinitatis
310 2618 382 2696 iure
401 2622 474 2697 olm
494 2622 723 2719 impertiens,
750 2644 864 2697 unum
886 2644 970 2697 cum

87 2716 142 2791 eis
173 2716 215 2795 dt
243 2730 282 2792 ot
305 2732 503 2817 permonet.
584 2718 712 2795 Novus
740 2719 801 2795 hic
828 2720 973 2795 unionis

90 2816 220 2914 modus
243 2816 320 2903 eli,
362 2820 481 2894 omnis
510 2818 652 2914 prorius
674 2818 970 2895 commutationis

87 2912 128 2991 dt
148 2916 386 2992 admixtionis
403 2928 708 3015 expersnrsnet,
727 2914 767 2993 dt
788 2940 862 2995 non
887 2940 975 2993 con·

88 3012 204 3091 iuium
233 3014 541 3114 &incorruptum
567 3014 875 3103 berninocurte,
901 3040 976 3091 non

88 3132 160 3219 uua
192 3116 380 3191 cumillis
412 3119 576 3214 potitur,
623 3114 685 3188 sed
722 3136 797 3193 nuo
832 3126 976 3196 tantum

88 3213 188 3307 agit,
210 3234 326 3310 neque
350 3214 452 3289 fimul
480 3216 603 3291 interit
625 3224 690 3288 aut
718 3226 978 3300 commutatur,

88 3308 150 3426 led
178 3332 264 3427 cum
291 3312 355 3393 illa
380 3313 575 3419 amplificat
595 3368 607 3407 a
631 3324 711 3394 tum
736 3314 786 3393 ab
808 3312 884 3393 illis
903 3336 979 3394 nott

88 3424 324 3495 imminuitur.
792 3466 796 3475 ,
