2452 4372
95 283 106 324 υ
219 196 382 346 soa
583 174 957 347 Fapstinis'ff

10 437 15 458 ¹
137 392 140 397 ⁵
195 440 204 451 '¹
218 428 304 521 „nis
334 414 582 504 infirmitatem
620 446 788 505 exercere
818 424 1031 518 voluisset..

174 572 182 583 ι
218 527 426 621 „erederet
452 527 550 623 quod
574 528 692 624 homo,
707 528 822 606 fadus
846 529 973 606 fuerin
999 552 1041 609 er

219 628 342 724 „ginis
378 625 505 703 nostrae
535 629 685 704 matrice
716 629 803 707 lieet
837 627 915 706 fine
940 629 1041 706 virs«

219 723 387 843 „plexus
430 727 730 825 Quandoquidem
757 727 868 805 hodie
898 729 1041 805 nonde

215 840 524 1018 :ffirtgnffieffitlg’
539 827 1041 1006 effifflffiogffiffzae

213 1047 350 1123 „quam
367 1026 496 1099 dooere
514 1039 681 1113 venerat,
711 1024 957 1124 disciplinam,
983 1050 1041 1104 nor

214 1148 332 1216 „num
351 1123 555 1220 ,Magisterir
573 1126 720 1202 dedisset
741 1126 966 1224 exemplum.
1015 1124 1041 1203 V

4 1202 14 1322 s
79 1236 84 1252 ⁴
216 1225 328 1322 „quia
352 1223 390 1299 dr
411 1222 641 1302 infirmitates
668 1227 743 1323 pati
770 1224 926 1315 debuit,
956 1227 1041 1303 uti

217 1335 352 1417 „natus
376 1327 598 1421 probaretur.
675 1325 874 1404 Videamus
895 1323 1041 1403 nuncd

218 1434 472 1517 „eramentum
494 1423 668 1521 passionis.
722 1424 838 1501 Totus
863 1423 988 1501 Adam
1010 1448 1041 1523 pr

218 1530 372 1615 ,‚verat‚
409 1522 447 1599 dr
475 1523 643 1621 expulsus
666 1549 689 1599 e
713 1523 875 1622 paradiso
900 1524 1040 1613 fuerat,

1 1592 2 1611 ἵ
59 1645 62 1648 ·
110 1689 118 1700 ,
218 1633 323 1713 ,·‚tum
345 1620 517 1720 suscipere
544 1622 671 1700 debuit
692 1623 900 1720 expulsum,
929 1625 1041 1720 quiin

216 1722 380 1814 „salvare
407 1731 556 1797 venerat
566 1744 581 1817 ‚·
604 1747 677 1798 non
703 1735 828 1800 autern
858 1722 1041 1800 videbatur

215 1834 323 1914 „tum
344 1818 532 1919 expulsum
553 1820 643 1899 inse
663 1820 865 1921 suscepisse,
891 1822 1033 1921 nisuper

215 1921 408 2013 „stantiam
434 1919 559 2004 earnis
585 1919 625 1998 dt
649 1921 808 1998 animae:
855 1923 926 1996 hoe
950 1923 1040 2008 enirn

110 2059 113 2064 ·
216 2032 305 2112 „tus
322 2019 434 2096 horno
451 2019 501 2095 est
525 2034 795 2117 pennatorum,
822 2021 921 2117 quod
943 2034 1028 2097 tunc

217 2121 322 2210 „bari
350 2119 486 2217 potuit,
529 2118 555 2194 sn
578 2119 671 2220 ipsas
698 2119 929 2198 infirmitates
954 2119 1041 2196 carni

220 2219 380 2310 „animae
401 2217 616 2307 sustineret,
642 2218 729 2295 lieet
759 2219 831 2295 srne
855 2221 945 2296 vitio
969 2241 1041 2318 pecu

122 2361 127 2366 -
219 2338 356 2409 „rum,
397 2340 443 2392 ne
474 2340 557 2393 curn
588 2319 625 2394 in
647 2317 682 2393 se
706 2319 892 2395 hominem
915 2317 963 2394 ab
986 2317 1041 2395 infi

216 2417 381 2507 „tatibus
402 2412 441 2492 dt
475 2415 690 2515 passronibus
720 2417 877 2506 liberat,
903 2419 1015 2495 etiarn
1035 2419 1041 2492 i

215 2517 305 2617 „qui
334 2514 480 2612 vestigia
514 2517 592 2614 ejus
623 2515 825 2605 sedantur,
869 2517 1041 2594 liberatos

152 2648 156 2653 ¹
217 2614 486 2709 ‚,crederernus.
532 2616 618 2719 Sed,
634 2619 880 2714 patrocinetur
911 2617 1041 2694 huici

78 2710 97 2727 ⁹
213 2713 437 2814 „Apostolus
458 2715 620 2793 vivacius
637 2715 816 2792 scribens:
848 2708 952 2794 δέξαι’
968 2719 1041 2796 ina

76 2894 81 2903 ,
129 2828 144 2837 “’
216 2841 350 2905 „omnes
381 2813 590 2902 moriuntur,
641 2816 691 2891 ita
720 2814 761 2892 ss
791 2817 826 2891 in
848 2816 993 2917 'Cirr‘sto
1030 2841 1041 2893 r

219 2915 467 3014 ‚,niuificantur.
505 2942 535 2992 1.
564 2917 721 3012 cor.15.
756 2939 788 2990 v.
808 2941 866 3011 23.
927 2917 1006 2992 Sed
1031 2940 1041 2992 r

87 3022 91 3031 ’
220 3036 327 3105 „ram
350 3012 499 3111 suscepti
526 3017 564 3090 in
595 3037 640 3089 eo
667 3014 828 3090 hominis
849 3013 989 3091 melius
1013 3017 1041 3093 d

220 3115 303 3205 „nit
325 3111 447 3211 Esaias
466 3139 493 3186 c.
516 3135 574 3210 53.
604 3137 635 3188 v.
659 3139 690 3189 1.
713 3113 803 3213 seqq.
856 3114 931 3203 Qui
955 3115 1041 3194 uei

221 3224 392 3304 „tantum
415 3212 622 3287 crederetur
642 3212 822 3298 Christus,
850 3213 968 3290 dixit:
997 3214 1041 3292 Gr

221 3315 368 3410 ,dionem
398 3314 465 3412 ejus
503 3313 574 3407 quis
618 3309 818 3388 maerebit?
855 3311 965 3389 lllam
995 3317 1041 3390 ut

195 3425 320 3508 ,„qua
342 3411 388 3485 de
417 3409 494 3485 Deo
521 3412 627 3486 Patre
652 3423 847 3508 generatus
876 3411 954 3501 est,
989 3412 1030 3491 de

221 3510 321 3604 „sune
350 3509 455 3585 initio
485 3509 534 3585 est
557 3566 566 3595 ‚
607 3509 645 3587 dr
666 3511 869 3606 investigari
889 3510 981 3587 ¹non
1003 3536 1041 3611 pr

166 3620 168 3625 '
220 3609 338 3702 „ficut
367 3632 433 3684 nec
457 3608 654 3698 divinitas,
682 3633 765 3708 qnae
783 3611 842 3686 illi
863 3633 939 3686 nna
969 3634 1041 3689 cun

218 3723 302 3804 „tre
326 3708 386 3786 esi.
439 3708 480 3785 Si
506 3731 593 3806 ergo
622 3709 782 3791 Christus
805 3709 844 3793 dt
870 3719 955 3787 orat
981 3710 1041 3789 Per
