2452 4372
220 332 231 361 Ι
266 216 386 308 Liber
413 219 465 303 ad
491 215 763 335 Imperatores.
876 212 996 335 ¹407·
1034 204 1040 211 ’
1071 284 1080 297 .

74 414 214 482 'ratu-IL·
255 415 383 498 Maioris
420 415 572 479 momenti
609 415 654 479 est
691 413 821 479 Faustini
856 415 962 492 Liber,
976 418 1119 504 Eiusdem

119 521 215 585 quem
247 500 467 564 Valentiniano
498 496 534 562 dt
561 499 697 565 Arcadio
725 498 1011 583 Imperatotibuc&
1032 507 1123 569 Mar-
1137 573 1154 587 ·

120 604 179 667 pru
200 585 374 648 defensione
391 583 517 648 suorum
537 604 610 649 cum
628 583 810 649 Marcellino
830 586 1066 668 quodamcalliarr‘
1097 587 1136 655 li·

120 673 304 753 presbytero
324 669 464 732 obtulitt
502 689 545 731 cx
566 689 631 750 quo
651 668 821 733 ostenditur
842 668 1034 739 [Μία-θη·-
1055 671 1098 737 nd

119 753 210 816 riano
241 753 405 817 Schismati
436 751 642 829 consensisse3
677 753 749 836 qnia
778 749 809 816 S.
825 752 1137 839 Hssrrumsmpmtc-

120 837 341 902 Pislaviensem
370 837 405 902 δι
433 835 463 900 S.
480 836 643 901 Damasum
671 836 783 922 Papam
802 839 834 900 in
855 839 1032 908 eodemn's.

103 921 217 986 Libro
238 924 361 1004 culpet,
380 919 463 1003 quafi
483 920 561 984 mrlc
581 922 790 986 consuluerint
808 919 970 998 Ecclessm,
1053 926 1072 1005 s

121 1008 209 1089 qnod
236 1006 490 1090 praevaricrtores
519 1004 691 1088 Episcopus
716 1008 749 1069 in
771 1007 970 1070 communio·

120 1110 215 1166 nem‚
248 1090 281 1154 dr
310 1089 524 1157 Sacerdotium
547 1089 744 1174 recepissent,
775 1094 858 1174 quod
880 1089 972 1155 Luci-

125 1177 250 1240 serianis
270 1175 314 1239 ita
336 1174 503 1256 displicuit,
523 1185 559 1238 ut
574 1172 745 1256 Episcopus
766 1177 972 1257 recipereno-
1143 1238 1149 1245 ,

122 1261 254 1334 luerint,
278 1259 331 1341 qui
351 1259 384 1321 in
401 1258 542 1321 Concilio
550 1258 736 1322 Ariminensi
748 1258 972 1337 Arianislcom-
1056 1332 1064 1341 ἱ
1164 1258 1169 1278 “

124 1346 368 1407 municaverant
443 1342 540 1406 Porro
578 1343 651 1406 buic
683 1343 787 1408 libello
829 1344 973 1426 praefatio

122 1427 250 1513 praefixa
272 1427 341 1503 cst,
398 1447 448 1491 uae
469 1428 499 1488 in
521 1428 696 1492 narratione
722 1425 874 1492 Urfiniani
895 1448 972 1490 con·

124 1524 172 1576 tra
192 1510 354 1575 Damasum
415 1512 556 1576 hicmatia
577 1521 645 1574 tota
667 1511 823 1587 versatum
846 1532 917 1574 nam
939 1513 972 1574 in

123 1597 186 1660 hoc
209 1596 345 1678 Prologo
373 1616 439 1657 rem
463 1617 588 1658 omnem
619 1598 656 1656 ab
685 1596 778 1660 initio
806 1607 970 1679 repetunt,
1089 1650 1093 1669 ,
1143 1648 1151 1656 .

128 1704 166 1744 ac
186 1685 225 1744 de
245 1682 333 1743 rebus
361 1681 437 1741 olim
467 1679 560 1762 gestis
587 1681 619 1741 in
648 1680 787 1755 Damasi,
816 1680 850 1744 dt
872 1680 973 1744 Urfini

126 1765 273 1839 dissidio,
302 1764 393 1846 cujus
414 1763 468 1845 ipsi
488 1783 556 1846 para
577 1763 727 1839 suerunt,
752 1767 880 1846 longam
902 1786 973 1828 nar-

127 1853 295 1923 rationem,
313 1848 363 1911 sed
378 1851 475 1910 modo
494 1848 551 1909 suo
573 1849 767 1912 incrustatam
782 1854 972 1915 contexuntt

125 1936 156 1997 id
178 1935 261 1997 enim
281 1932 403 1996 initium
425 1931 487 1995 suae
506 1931 688 1995 calamitatis
707 1933 780 1998 suit.
809 1933 889 2006 llam
906 1932 972 1996 Ro·
995 2010 998 2017 Ι

128 2041 179 2081 ma
200 2020 322 2082 tandem
344 2015 462 2098 expulsi
475 2015 673 2078 Luciserianis
694 2017 724 2079 se
745 2017 974 2100 adjunxerunt:

128 2106 211 2165 unde
240 2107 279 2163 de
298 2103 360 2165 hoc
382 2101 486 2163 libello
507 2102 695 2181 praemonuit
709 2100 891 2164 sirmondus
913 2103 975 2184 pri·

130 2208 199 2250 mus
220 2187 302 2250 illius
325 2186 438 2248 editor.
503 2183 568 2258 Qui
596 2182 734 2247 Schisma
763 2185 839 2248 olim
863 2183 976 2250 Romae

132 2272 279 2334 adversus
300 2270 462 2333 Damasum
481 2288 552 2330 cum
570 2266 682 2331 Urfino
703 2269 898 2346 conflarunt,
919 2282 974 2335 aut

128 2377 171 2418 ex
195 2353 394 2416 Luciferianis
415 2365 501 2415 eraut
522 2397 531 2428 ,
553 2363 607 2414 aut
629 2373 701 2416 curn
722 2353 923 2417 Luciferiania
943 2355 974 2418 se

129 2440 234 2501 saltem
265 2437 523 2518 conjunxerunt,
567 2434 600 2501 &
628 2439 742 2520 duplici
770 2436 892 2501 diffidio
912 2439 974 2502 Ec-

129 2523 249 2585 clesiam
294 2523 465 2585 turbarunt.
538 2521 637 2602 Atqui
666 2518 818 2586 Ursmiani
853 2523 978 2604 quidem

128 2627 220 2689 quam
258 2605 389 2685 inquieti
424 2604 565 2681 suerint,
602 2603 637 2668 dr
675 2625 767 2688 quam
803 2607 980 2688 importune

133 2689 390 2772 magistratuum,
420 2688 454 2752 ἃ
483 2688 653 2771 principum
682 2710 771 2753 aurea
800 2690 978 2772 fatigrriut,

130 2774 342 2840 anentiniani
377 2773 414 2834 ad
456 2771 679 2837 Praetextatum
713 2773 903 2858 Olybrium,
942 2775 978 2839 δι
1093 2768 1101 2781 ”

132 2859 312 2940 Ampelium
349 2855 512 2940 procsestoa
540 2856 664 2934 Urbis,
708 2858 741 2922 ἂ
773 2858 910 2922 Gratiani
939 2863 977 2922 ad

131 2943 312 3026 Aquilinum
332 2941 494 3008 'vicarium
513 2941 655 3026 rescripta
675 2944 846 3020 declarant,
868 2942 978 3008 fidem·

133 3048 195 3111 quc
222 3027 339 3089 faciunt
361 3027 574 3089 Conciliorum
605 3025 826 3109 Aquileiensis,
855 3025 890 3091 ὰ
915 3028 981 3091 Ro·
1103 3056 1106 3061 ·
1140 3026 1147 3049 ’

134 3112 217 3175 mani
238 3109 396 3193 synodicae
417 3112 554 3184 litterae,
590 3130 661 3192 quae
683 3110 869 3175 &Damaso
889 3114 982 3175 inno-
1046 3144 1054 3157 =

133 3196 267 3259 centium
288 3195 559 3277 integritatemque
579 3191 661 3277 sunm
683 3195 833 3271 afferunt,
864 3195 897 3260 δι
922 3196 982 3277 Ur-

134 3281 190 3344 fini
212 3280 349 3342 furorem
373 3300 407 3338 ac
429 3279 521 3340 dolos
542 3297 608 3339 non
629 3276 822 3343 dissimulant.
858 3280 982 3344 Lucise·
1008 3276 1017 3291 '
1086 3334 1091 3351 ,

134 3366 292 3427 rianorum
315 3373 418 3424 autem
448 3382 513 3424 non
542 3361 691 3445 disparem
711 3365 984 3438 inverecundiam,

136 3449 171 3513 dr
199 3446 391 3509 insolentiam
417 3448 551 3508 duorum
580 3466 624 3507 ex
655 3446 703 3508 his
735 3450 1010 3530 presbyterorum·-

135 3535 188 3595 hic
208 3531 298 3595 Liber
319 3529 481 3605 ostendit,
505 3532 536 3593 in
559 3548 623 3610 quo
646 3551 710 3592 non
732 3529 911 3596 Theodosio
933 3532 982 3592 so-

138 3619 203 3680 lum
228 3615 371 3698 Augusto
394 3614 586 3677 fraudulento
606 3613 802 3698 suggestione
823 3619 986 3698 obrepunt,

139 3702 190 3766 sed
212 3703 414 3764 orthodoxos
438 3719 575 3843 omncea,
602 3702 656 3782 qui
677 3698 882 3779 obsistebant,
903 3701 985 3775 cani-

535 3803 595 3865 ⁰4
936 3805 987 3862 na,
