2452 4358
108 152 316 326 ‘¹38a'·
453 189 457 197 ⁵
580 212 750 353 Faustiai

185 423 291 508 ‚arat
317 412 416 513 apud
438 410 585 490 Deum:
628 414 700 512 ipse
722 413 903 513 postremo
931 406 992 492 iob

185 527 314 607 „tatus
332 512 403 600 est,
432 514 518 609 quid
534 511 577 588 sit
594 511 756 592 Verbum
775 515 925 604 dicens,
952 517 992 593 8

186 625 284 707 „crat
323 612 477 688 Verium.
556 612 596 688 si
627 613 664 688 in
702 615 879 712 principio
911 627 991 692 erat

184 715 328 805 „bum,
360 710 397 788 δι
429 712 501 787 hoo
529 708 690 789 Verbum
723 716 819 811 apud
853 713 974 813 Deam

18 938 22 953 .
184 810 468 992 ”ibera
487 808 992 1010 {saresberia

34 974 37 1009 Ι
184 964 210 1004 92
262 988 265 995 -
768 966 779 1000 θ
936 990 938 994 .

34 1014 36 1023 ’
184 1009 443 1106 „separabilem
461 1033 484 1083 a
499 1008 626 1097 Patre,
653 1008 843 1107 &semper
865 1010 992 1088 Deum.

181 1114 319 1205 „nique
345 1109 382 1184 δι
412 1109 485 1207 ipse
517 1107 569 1182 ita
593 1109 802 1186 concludit:
849 1109 928 1184 Hoc
959 1137 992 1188 er

179 1209 367 1309 „principio
384 1209 477 1306 apud
490 1206 605 1282 Deum.
662 1209 854 1297 Quomodo
879 1231 968 1305 ergo

177 1312 349 1407 „quando
377 1333 450 1382 oon
477 1320 578 1393 erat,
616 1310 678 1403 qui
703 1309 840 1406 semper
864 1307 956 1385 est?

175 1408 314 1502 „modo
340 1430 387 1481 ex
414 1406 524 1482 nullis
560 1407 769 1483 extantibus
801 1406 875 1493 est,
917 1412 980 1506 qui

116 1585 119 1592 ,
176 1512 267 1607 „per
292 1507 388 1604 apud
411 1506 556 1583 Patrem
585 1504 661 1583 est?
686 1509 879 1594 Quomodo
904 1508 992 1583 Crea

177 1608 266 1705 „qai
298 1606 434 1703 semper
471 1605 598 1690 Deus,
651 1603 690 1681 ἀ
728 1628 791 1702 per
827 1627 935 1702 quem
968 1633 992 1682 o:

177 1705 297 1800 „fasta
317 1703 424 1780 sunt?
456 1703 613 1780 sienim
629 1703 667 1780 δι
683 1706 754 1802 ipse
768 1705 883 1780 faetus
902 1705 970 1792 est,

175 1807 314 1899 „modo
345 1826 408 1903 per
439 1803 553 1900 ipsum
586 1805 708 1878 omnia
736 1803 829 1880 satia
855 1803 975 1881 sunt?

175 1908 315 1997 „enim
340 1903 423 1980 com
443 1904 557 1988 fieret,
577 1902 689 1998 potest
715 1905 764 1977 sui
781 1905 904 1979 austor
917 1904 985 1980 esse

172 2031 272 2098 „oon
288 2003 377 2096 fuit,
410 2019 518 2102 atque
534 2000 618 2082 ideo
633 2001 785 2081 infestus
802 2003 992 2083 credenda

58 2209 69 2268 ι·
247 2227 282 2297 4.
308 2199 509 2287 „Similiter
532 2198 570 2276 δι
587 2200 723 2278 Paulus
747 2202 876 2286 docet,
906 2200 992 2279 Chri

6 2379 89 2442 reae.
176 2298 342 2492 sigili?
369 2297 566 2473 aiiiffeen’imssb
588 2299 992 2499 Dfficzgeinafhsspnz

172 2499 303 2600 „effrt,
342 2524 418 2574 aaaw
437 2499 590 2596 rapinam
627 2497 810 2577 arbitratus
832 2498 913 2595 asi,
957 2499 992 2599 ιβ

169 2601 349 2697 „aqualem
392 2595 493 2682 Deo,
546 2596 612 2693 sed
653 2597 860 2697 semetipsum
900 2601 992 2674 exirm

169 2702 336 2798 „soremm
353 2696 452 2871 Aemi
483 2697 650 2792 accipiens.
676 2695 798 2795 Philip.
827 2723 861 2773 2.
920 2698 976 2773 -Si

168 2800 307 2890 '„homo
330 2820 350 2871 e
404 2795 589 2881 Christus,
614 2816 696 2870 com
721 2798 876 2871 sormam
903 2795 992 2883 servi

166 2899 312 2996 ‚,cipit‚
338 2914 422 2972 vere
446 2914 589 2991 quoque
613 2893 714 2970 Deus
740 2894 807 2987 est,
834 2918 918 2971 cum
945 2897 983 2973 in

163 3019 251 3087 ‚ma
285 2994 353 3072 Dei
385 2993 452 3069 esse
478 2992 704 3089 perhibetur:
747 3017 815 3073 neo
840 2995 914 3073 alia
937 3005 992 3070 rat

162 3095 223 3186 „se
244 3095 423 3191 aequalem
451 3093 605 3178 diceret,
634 3092 697 3169 nisr
718 3093 756 3170 in
781 3094 899 3169 forma
925 3092 992 3169 Dei

161 3190 313 3284 „verum
346 3193 464 3266 Deum
496 3189 660 3268 voluisset
692 3192 858 3287 intelligi.
934 3193 992 3268 Ser

160 3316 250 3390 „per
283 3315 366 3368 eum
401 3292 510 3372 omma
539 3289 636 3405 sabia
676 3293 729 3366 ait
771 3291 991 3397 Apostolus,

161 3392 255 3492 „ipse
280 3394 320 3489 esi
344 3404 419 3465 onte
442 3415 559 3465 omnes.
590 3388 662 3466 Coi.
683 3417 712 3466 1.
738 3415 769 3467 v.
794 3397 849 3467 [ὁ.
905 3392 992 3487 Ergo

162 3493 223 3581 „se
253 3482 390 3586 semper
416 3489 490 3576 est,
520 3511 583 3588 per
609 3511 744 3584 quem,
773 3491 811 3564 br
832 3491 870 3565 io
900 3513 970 3588 quo

162 3591 247 3681 „oia
270 3589 361 3664 satia
393 3589 482 3664 sant.
537 3588 620 3680 Ksed
650 3587 687 3663 ἂ
716 3588 992 3685 Hymnidieusr

159 3692 268 3781 „tans
292 3692 360 3765 ait:
396 3687 516 3763 Omnia
541 3689 576 3762 in
592 3686 758 3801 sapientia
775 3690 892 3787 fecisti.
917 3685 992 3787 iffi]

103 3811 109 3818 ·
312 3825 315 3831 ·
551 3813 556 3823 “
952 3810 979 3862 v.
