2452 4372
199 236 283 329 372
539 202 755 361 &xllrsemi

270 386 587 512 'suasurum
618 429 1027 514 axuuurnrro.
1072 508 1074 512 ,
1114 454 1116 483 =

8 631 157 701 qm„
198 628 232 681 ι.
266 607 482 737 „Fratres,
516 602 689 700 quidquid
713 603 860 678 tandem
887 602 1024 701 aliquis
1045 618 1097 679 nc·

24 717 110 783 homo
363 704 480 800 „gorii
518 704 775 798 aggrediatur,
816 703 911 777 ratio
952 703 1097 799 finisque

23 800 173 866 mndat-
199 803 391 900 „proprius
425 818 561 902 praeeat
583 803 718 876 necelie
743 802 820 888 est,
846 823 920 897 quo
948 800 986 876 se
1010 802 1095 898 opctl

15 882 92 974 ,Μ
197 917 400 998 ,accingat
452 902 644 975 Rationem
665 924 761 987 uero,
781 922 844 977 cur
861 925 884 974 a
901 899 1094 977 saeculofn·

196 1025 306 1095 „gam
340 1007 535 1075 ineundam
575 1002 775 1086 duximus,
816 999 960 1075 nullam
997 1001 1116 1075 aliam

195 1101 447 1192 „dixerimus,
482 1122 592 1195 quam
618 1112 659 1173 ut
682 1102 840 1174 animam
863 1101 1093 1175 emundante

196 1199 376 1291 „salutem
397 1198 665 1294 consequamur.
740 1197 966 1273 Adhibenda
997 1198 1090 1294 igitur

194 1298 407 1392 „diligentia
425 1296 473 1371 eli
496 1297 711 1394 praesertim,
739 1311 781 1372 ut
802 1299 1017 1373 interiorem
1039 1297 1088 1371 ho·
1115 1376 1116 1387 χ

192 1398 354 1487 „minem
380 1399 618 1472 emundemus
642 1452 651 1482 ‚
688 1419 798 1493 penes
824 1416 937 1493 quem
963 1396 1002 1473 dt
1023 1418 1087 1493 gra·

63 1558 66 1563 .
189 1499 297 1588 „rior
318 1497 494 1573 incumbit
517 1495 600 1570 belli
628 1497 765 1581 moles,
795 1493 832 1571 dr
860 1494 1010 1587 vistoria
1034 1492 1116 1571 dli.

188 1593 344 1687 „licilior
372 1596 449 1670 est:
492 1596 571 1670 sunt
593 1592 690 1670 edim
715 1593 843 1680 multi,
888 1595 954 1692 qui
978 1618 1087 1671 emon·

187 1694 345 1787 „dandis
373 1695 581 1777 ‚carnalibus
614 1694 811 1781 sordibus,
857 1690 896 1769 tr
933 1704 1086 1797 peccato,

186 1795 312 1889 „quod
328 1813 436 1892 opere
451 1795 652 1889 praeliatur,
673 1791 895 1869 eliminando
911 1796 1085 1873 cootloo-
1108 1848 1116 1863 .

186 1896 278 1984 „tiae
305 1894 499 1991 plurimum
525 1894 788 1979 exhibuerunt,
822 1889 1032 1992 jejuniaque
1055 1888 1084 1967 d

63 2023 66 2029 ¹
184 1990 355 2087 „vigilias
373 1992 649 2078 adhibuerunt,
662 1998 708 2066 ad
731 1998 865 2068 animae
883 2007 1011 2069 autem
1029 1989 1083 2066 lar·

180 2091 275 2180 „des
287 2092 384 2186 quod
403 2092 554 2178 attinet,
573 2091 680 2184 nihil,
709 2104 773 2166 aut
788 2111 916 2188 parum
935 2093 1054 2188 quida

45 2200 47 2204 ·
183 2188 359 2278 „modum
382 2204 609 2265 curaverunt.
661 2191 799 2266 Multos
823 2189 907 2263 sane
924 2215 970 2266 ea
989 2192 1027 2267 in

23 2294 26 2302 '
180 2284 252 2378 „stt
276 2310 383 2371 cura,
419 2301 459 2365 ut
481 2287 734 2364 scortationem
760 2313 805 2364 ac
830 2288 992 2384 reliquas
1045 2372 1049 2379 ,
1108 2276 1116 2377 f

184 2385 315 2476 „dines
338 2385 531 2480 diligenter
556 2400 745 2475 caverent,
768 2401 809 2462 ut
831 2402 960 2464 autem
979 2415 1003 2464 o

185 2483 305 2575 „tiora
329 2484 416 2560 vitia
445 2485 634 2572 eluerent,
662 2498 748 2582 puta
772 2486 952 2574 invidiae,
979 2488 1016 2565 iu
1105 2466 1116 2577 l

83 2614 95 2629 ν
182 2582 361 2676 „gloriae,
390 2582 428 2660 ἀ
458 2586 548 2673 alia,
576 2585 681 2680 seque
708 2587 838 2662 horum
865 2584 1116 2675 molestior?

182 2683 393 2773 „berarent,
408 2687 512 2779 pauci
529 2685 725 2760 admodum
743 2699 984 2764 curaverunt:
1038 2686 1045 2703 '
1110 2706 1116 2715 ·

182 2778 271 2872 ‚‚lit,
299 2797 340 2856 ut
364 2783 515 2859 dimidio
541 2786 578 2858 hi
607 2783 774 2861 mutilam
797 2785 1014 2863 emundatio
1103 2842 1116 2859 .

180 2881 406 2976 ‚,accipiant‚
433 2885 615 2979 quinimo
637 2881 766 2978 majori
789 2895 894 2981 parte
916 2878 1077 2964 immund

169 2979 445 3076 ‘„perseverent.
544 2986 551 2992 ’

6 3169 129 3237 Diaboli
254 3201 289 3251 2.
317 3175 415 3260 ..His
440 3199 507 3251 nos
533 3176 786 3272 itaque-etiam
810 3174 1076 3275 occultieddr

19 3261 145 3358 rondes·
177 3274 379 3370 „majorem
409 3276 447 3350 in
469 3276 836 3352 modum-emundari
864 3277 1076 3365 studeamini

16 3341 143 3491 “ww
177 3378 290 3470 „quin
319 3398 365 3448 ne
398 3374 469 3449 hoc
499 3377 645 3470 quidem
671 3397 738 3448 nos
767 3374 912 3463 lateat,
959 3366 1116 3455 uoltw'

11 3443 35 3505 ρ
93 3472 100 3490 ’
175 3474 358 3564 „nostrum
388 3474 573 3549 diabolum
606 3473 757 3558 multis,
803 3472 843 3550 dt
871 3474 988 3553 variis
1011 3469 1116 3560 mast!

176 3572 319 3661 „chinis
349 3573 419 3646 hoc
452 3575 606 3658 moliri,
655 3584 696 3653 ut
731 3595 800 3646 nos
833 3569 1012 3659 seducat,
1043 3566 1071 3645 dt
1098 3565 1116 3628 »¹

64 3662 69 3674 .
173 3670 264 3762 „sub
291 3672 425 3782 honesti
450 3671 565 3770 lpecie
585 3672 622 3747 in
643 3670 788 3749 foveam
809 3671 996 3751 malornm
1008 3682 1070 3844 ltrat-
1098 3687 1116 3824 'o

982 3788 1044 3868 „¹
1105 3790 1116 3825 ¹
