2452 4372
166 209 265 321 229⁶
318 252 332 290 .-
417 204 588 321 samaa
617 204 882 323 repenses:

161 444 164 451 ·
183 408 250 499 „in
263 403 415 516 pihiium
432 407 608 507 occidant,
646 405 772 504 Neque
789 424 894 489 vero,
912 398 1012 499 qnod
1027 415 1090 477 rra·

66 600 69 605 .
179 508 310 607 „tione
348 508 683 603 comprehenditur,
726 506 764 580 in
798 502 951 577 nihilum
989 502 1079 575 occi·

176 606 282 695 .,‚dit:
310 606 501 681 nonenim
529 605 612 679 effet
635 603 849 679 immortale.
892 600 941 675 Et
965 600 1079 673 anima
1119 661 1124 697 ,

185 726 296 791 ‚poam
311 702 353 779 sit
368 704 453 789 vita,
469 703 494 777 fi
511 705 548 779 in
558 704 853 799 temperationem
870 710 1077 783 mutaretur,
1122 786 1124 795 Ι

183 816 407 891 „metaretur
424 825 563 899 quoque
580 804 703 877 &non
720 800 875 898 amplius
895 796 983 872 effer
998 790 1078 873 vi'te:

182 924 282 990 „non
302 924 389 997 ergo
416 904 536 980 anima
559 903 597 978 in
623 903 753 975 unione
783 906 1037 975 commutator.
1091 910 1122 977 J

9 1110 174 1197 Quomodo.
257 1124 291 1175 2.
317 1098 426 1187 „Hoc
447 1120 533 1193 ergo
550 1098 698 1185 ostenso,
720 1118 802 1192 quae
818 1094 879 1171 snb
903 1092 1077 1169 rationem

5 1201 123 1297 ‘nim‘
185 1200 344 1287 „carinnt
369 1196 512 1272 effentia
545 1198 606 1273 sua
629 1198 761 1272 mutari
787 1219 858 1272 non
881 1192 994 1288 poste,
1020 1212 1076 1265 no·

5 1300 122 1379 ΨΜ
184 1296 352 1385 „cessario
379 1295 553 1391 sequitur,
592 1297 745 1370 eadum
770 1294 969 1378 uniuntur,
1004 1310 1079 1363 enm

3 1373 136 1433 '‘m'‘
183 1396 274 1488 „iis,
298 1396 428 1490 quibus
445 1395 546 1469 unita
572 1394 662 1480 sunt,
689 1418 762 1469 non
781 1392 950 1469 interire:
974 1408 1075 1485 qnare

183 1493 249 1587 „dr
275 1497 378 1569 unita
400 1492 477 1579 est,
511 1492 549 1567 δι
574 1517 649 1571 non
672 1492 820 1568 confore·
841 1490 942 1565 unita
969 1486 1078 1571 onina

180 1592 359 1688 „corpori
400 1592 497 1667 Nam
522 1596 661 1667 unitam
686 1590 753 1666 effe
776 1600 915 1666 naturae
944 1583 1079 1661 eonsen-

182 1692 268 1785 „fus
290 1689 471 1775 declarat,
500 1690 586 1785 quia
611 1690 745 1765 animai
768 1712 881 1764 unum
904 1685 986 1778 εἰη
1016 1706 1080 1759 non

184 1790 382 1883 „conflandi
411 1811 496 1865 vero
523 1812 606 1865 cunr
641 1810 788 1885 corpore
815 1788 1003 1872 animam,
1039 1804 1079 1857 ex

182 1910 255 1983 „eo
280 1888 442 1971 constat,
475 1887 572 1983 quod
597 1889 633 1961 in
658 1887 779 1962 somno
803 1886 841 1961 δι
865 1882 978 1959 extafi
998 1904 1078 1980 qno·

181 1989 403 2081 „dammodo
433 1986 584 2084 sejuncta
601 2011 623 2061 a
643 2008 807 2083 corpore,
844 1984 1005 2079 illudque
1027 1996 1087 2055 ve·
1116 1997 1120 2013 ²

180 2088 264 2177 „lut
279 2111 324 2165 ex
341 2089 459 2161 anime
482 2085 706 2180 relinquens,
731 2108 798 2159 neo
820 2092 952 2179 praeter
979 2082 1079 2158 eitam

179 2183 262 2276 „ilii
279 2186 474 2280 quidquam
494 2183 674 2279 aspirans,
710 2208 756 2257 ne
775 2180 917 2278 prorius
937 2182 1079 2257 intereat

182 2303 273 2379 „pet
295 2284 328 2355 ie
345 2284 382 2367 in
399 2282 532 2356 somnis
557 2284 616 2358 sua
636 2303 787 2357 munere
810 2278 1004 2373 fungatur,
1029 2278 1078 2353 fn·

84 2448 87 2452 Α
180 2396 291 2473 „tura
325 2381 581 2477 praesentiens,
619 2379 723 2477 seque
751 2403 836 2455 cum
871 2379 987 2455 beatis
1012 2374 1080 2453 illis

179 2480 389 2573 „mentibus
419 2480 466 2554 ab
495 2481 594 2555 omni
618 2500 766 2575 corpore
792 2476 889 2574 segre
914 2479 986 2552 atis
1003 2499 1078 2551 eom

178 2580 366 2677 „jungens
401 2579 453 2655 Ut
477 2580 573 2655 enim
604 2577 655 2653 sol
671 2578 859 2675 praesentia
885 2500 1079 2653 {sannen
1121 2572 1124 2595 ²

177 2678 400 2770 ‚‚illnstrans‚
426 2701 509 2753 eum
536 2678 583 2751 ad
614 2678 738 2755 lumen
762 2676 920 2753 traducit
943 2676 1081 2769 aerique

178 2776 328 2867 „lumen
347 2777 486 2860 unitus,
512 2775 550 2851 ὅ(
574 2799 656 2851 curn
682 2799 726 2851 ee
750 2799 824 2850 non
843 2772 989 2851 confuse
1008 2773 1081 2849 fun·

178 2877 324 2967 „diturr
366 2875 418 2948 ita
442 2875 561 2950 anima
586 2877 686 2951 unita
708 2874 849 2968 corpori
872 2885 998 2949 manet
1015 2892 1080 2947 non

177 2970 371 3063 „confusa,
400 2973 469 3047 hoe
486 2994 559 3047 uno
580 2974 626 3047 ad
645 2972 716 3047 sole
735 2972 958 3068 discrepans,
997 2966 1083 3068 qnod

178 3071 257 3163 „sol
277 3082 401 3165 utpote
420 3076 550 3167 corpus
568 3071 649 3145 loco
663 3069 990 3155 circumscribatur,
1015 3068 1081 3145 ani·

177 3193 265 3261 „ma
288 3192 373 3243 vero
394 3172 553 3266 corporis
576 3193 703 3267 expers
730 3191 846 3265 oeque
861 3170 945 3245 looo
964 3166 1081 3245 defini·

177 3282 275 3359 „tun
293 3268 353 3341 ieri
367 3280 445 3343 tota
457 3291 519 3365 per
535 3282 653 3351 totum
669 3268 707 3345 &
722 3268 846 3345 lumen
860 3266 940 3364 ejus
958 3268 996 3345 &
1014 3286 1081 3343 eor·

38 3374 42 3379 ’
176 3391 275 3465 „pus
303 3380 528 3461 permaneat,
555 3389 671 3463 neque
701 3365 854 3463 estpars
880 3366 986 3455 nlla,
1009 3384 1083 3463 qun

177 3465 339 3555 „abilin
368 3464 578 3547 illustretur,
617 3466 654 3539 in
685 3486 756 3562 qua
786 3476 862 3539 tota
890 3489 965 3539 non
990 3462 1080 3541 adit

175 3563 286 3652 „Non
317 3563 412 3637 enim
439 3573 584 3639 tenetur
610 3587 633 3637 a
657 3583 824 3659 corpore,
851 3562 913 3640 sed
939 3564 1013 3661 ipsa
1035 3575 1081 3637 te·

98 3696 101 3701 ·
173 3675 262 3756 „net
288 3680 449 3763 eorpus,
488 3685 556 3743 nec
588 3660 637 3743 est
664 3662 874 3767 incorpore
906 3673 1081 3835 “mim

966 3784 1036 3853 rrva
1049 3783 1074 3844 ‘r
