2452 4372
209 217 294 347 556
357 226 360 231 ’
448 211 659 352 :Evagrii
692 142 849 305 Pontici
895 262 910 347 '.

209 414 347 507 „litum
374 413 560 509 aspediris
585 412 773 505 liberarit,
798 438 888 505 cum
904 413 1070 513 insidet,
1087 428 1114 493 ut

209 512 386 608 „aegrotis
405 510 552 610 ieiunus
569 512 806 617 ministraret:
844 516 954 593 nulla
972 518 1115 605 enimrr,

102 620 106 636 '
209 636 282 702 „ac
308 613 550 689 misericordia
576 613 757 691 tolluntur
783 612 976 714 ejusmodi
1002 614 1115 716 perpes·

96 766 100 779 .
209 711 365 802 „sionem

212 860 235 961 s
285 906 344 975 92.
371 878 552 965 ..Accessit
576 832 723 979 qnidam
753 904 800 959 ex
820 882 1067 983 sapientibus
1086 883 1118 961 il·

210 979 311 1072 „lius
343 970 519 1077 temporis
563 980 611 1054 ad
641 978 775 1077 justum
804 982 1057 1074 Antonium,
1090 984 1117 1061 dt

206 1081 346 1172 „dixin
376 1078 560 1176 quomodo
576 1078 685 1156 Pater
708 1081 822 1157 vitam
844 1084 1015 1169 tolerare
1032 1093 1114 1181 potet

66 1254 71 1261 ,
205 1160 363 1272 3‚'solatio
381 1178 557 1253 librorum
580 1177 884 1259 destitutu's‘d'At
909 1182 981 1258 ille
998 1184 1114 1280 respon

209 1279 320 1369 „ditz
356 1300 461 1353 meus
484 1278 575 1352 liber
606 1277 655 1352 est
680 1292 811 1354 natura
837 1303 972 1373 rerum
1005 1296 1114 1358 creata·

207 1389 351 1471 „rum,'
362 1379 467 1474 isque¹
482 1377 608 1474 praesto
624 1378 692 1464 esi,
720 1382 867 1474 quoties
882 1379 1111 1465 rationesDri

207 1476 489 1575 „sermonesque
518 1477 641 1573 legere
664 1479 784 1575 cupio.

284 1673 343 1742 93.
371 1604 460 1733 „Nic
491 1647 730 1743 interrogavit
760 1646 922 1723 sanstus
950 1647 1142 1739 Mauro,

62 1768 67 1775 ·
203 1742 452 1844 „AEgyptius,
480 1768 553 1842 qna
577 1747 759 1833 decania,
786 1770 870 1821 cum
885 1746 1142 1841 humanaein„

123 1886 127 1893 -
203 1845 336 1944 „junae
369 1846 628 1921 reminiscimur
653 1903 663 1933 ,
693 1847 824 1922 animae
844 1848 929 1922 ¹vim
952 1866 1142 1937 memore.

51 2000 57 2011 .
202 1946 360 2037 „tricem
397 1945 618 2032 abolemus,
656 1967 741 2021 cum
766 1967 854 2020 vero
872 1947 1106 2035 daemoniaca,

50 2363 54 2372 '
199 2342 390 2434 „cundum
414 2365 501 2418 vero
532 2366 579 2417 ex
611 2341 776 2438 ejusdem
805 2355 941 2418 natura
969 2342 1030 2419 est.
1123 2336 1142 2403 ol

201 2056 320 2138 „tunc
352 2066 609 2142 permanemus
639 2043 767 2130 illaefi,
812 2042 850 2120 dr
872 2047 966 2142 quia
992 2044 1105 2141 egoir

154 2220 156 2227 .
203 2142 457 2241 „responsione
483 2143 717 2221 haesitabam:
761 2144 972 2240 qnoniam,
1012 2140 1105 2241 inqut

141 2245 145 2256 '
201 2243 315 2335 „ille,
343 2246 501 2337 primum
518 2243 567 2317 est
584 2256 710 2318 contra
726 2244 837 2319 animi
855 2260 1050 2335 naturam,
1067 2240 1103 2317 st·
1125 2248 1142 2305 i

270 2538 331 2609 94.
372 2513 475 2609 „ipsa
492 2513 644 2589 meridie
666 2513 714 2588 ad
731 2512 904 2592 Sannum
922 2511 1100 2589 Macariun
1120 2444 1142 2603 Ξ

195 2611 405 2708 „profestos
430 2635 513 2687 cum
529 2612 736 2687 vehementi
754 2613 810 2688 srti
825 2612 1016 2699 arderem,
1036 2604 1098 2708 peti

195 2732 329 2806 „aquae
347 2724 505 2808 potum,
536 2713 599 2806 qui
626 2713 738 2787 dixit:
773 2713 904 2805 umbra
930 2722 1097 2787 conteror

195 2809 314 2911 „esio3
365 2809 472 2885 multi
494 2813 592 2885 enim
618 2834 715 2885 nunc
742 2810 904 2885 viatores
936 2808 995 2886 vei
1019 2802 1097 2885 mci·

191 2922 349 3004 „gentes
376 2910 446 2983 hac
468 2931 613 3006 quoque
640 2920 774 2984 carent.
834 2909 992 2985 Confide
1015 2928 1094 3001 ergo.
1122 2910 1142 2967 ὅ

196 3009 357 3103 „viginti
399 3020 499 3085 totos
535 3029 654 3085 annos
694 3030 811 3104 neque
854 3009 963 3106 panis
1003 3023 1095 3099 ucput
1112 3010 1142 3069 „r

193 3128 351 3202 „cquae,
389 3129 505 3203 neque
527 3105 640 3183 somni
659 3105 862 3185 satietatem
889 3110 986 3206 cepi:
1030 3122 1091 3181 nan
1111 3109 1142 3167 *i

192 3230 352 3302 „paoem
390 3228 512 3280 meum
541 3214 635 3280 'cum
670 3207 831 3301 pondere
867 3207 1032 3293 comedi,
1063 3185 1142 3274 &eir

191 3326 353 3401 „aquam
378 3304 417 3379 in
443 3304 606 3380 mensura
625 3304 723 3388 bibi,
751 3305 790 3382 dr
815 3306 1023 3383 inclinando
1047 3316 1086 3377 ut
1133 3322 1142 3392 r

192 3405 267 3497 „ad
292 3403 449 3579 psarietes
467 3405 639 3502 exiguam
664 3404 779 3484 somni
804 3419 950 3505 partem
971 3400 1083 3483 ruffoe
1097 3384 1142 3569 :¹¹⁰1

191 3518 280 3597 „tus
323 3526 395 3580 um.
1115 3513 1142 3566 rc
