2452 4358
328 208 481 313 Renum
505 212 795 303 monachalium
827 150 909 310 &c
984 219 1068 331 563

149 408 533 507 „hildprandum
559 400 725 489 ardorem
743 411 936 509 restinguit.
968 412 1159 515 Ope-Opus
1191 462 1212 479 »

140 513 250 599 „rati
264 510 430 587 manibus
454 533 539 587 cura
566 512 673 609 idque
697 512 919 610 proticibus
942 512 1175 591 dicatum·

150 608 304 701 „nolim
346 631 516 705 nequem
538 633 693 706 graves,
720 610 806 707 quin
834 614 1065 710 pomonalis
1104 636 1113 647 ·’

142 708 342 798 .‚,tcibuas,
370 710 675 805 quemadmodum
689 710 857 787 hortatur
879 712 916 787 S.
930 710 1065 789 Paulus

149 806 386 901 „Apostolum
415 798 616 908 1.‘Tteff.-2.
645 836 676 883 u.
689 833 724 905 9.
775 808 826 883 Ut
842 811 879 883 in
894 834 938 884 ec
952 812 1063 888 etiam

148 906 284 1001 „taedii
316 906 523 987 daemonem
557 907 679 983 vincas
713 920 922 1004 ceterasque
949 910 1059 986 hostis

146 1003 396 1102 „cupiditates
425 1005 584 1097 avellam
620 1005 761 1101 adjacet
790 1010 884 1083 enim
909 1010 1062 1105 pigutiae

127 1102 280 1195 „taedii
306 1106 451 1179 doemon
479 1104 518 1187 dt
544 1106 591 1187 in,
609 1104 773 1204 defideriis
795 1109 836 1205 est
860 1106 948 1185 sicut
972 1108 1062 1185 dici·

143 1214 247 1297 „tun
275 1202 375 1278 Prou.
400 1228 454 1298 13.
479 1226 511 1278 u.
528 1232 562 1300 4.
613 1204 853 1291 TraditioniS,
880 1204 918 1281 dt
939 1230 1065 1305 eccep-

144 1302 289 1394 „tionis
321 1318 510 1399 peccatum
540 1303 685 1397 fugias:
722 1300 795 1379 five
822 1327 911 1403 ergo¹
935 1306 1063 1385 vendis

145 1400 249 1493 „five
280 1402 396 1486 emin,
431 1422 559 1498 parum
584 1416 622 1477 te
644 1403 691 1477 de
710 1401 802 1499 julio
823 1406 942 1507 pretio
966 1402 1065 1505 stau·

146 1500 246 1593 „da,
273 1524 320 1575 ne
344 1502 383 1575 in
397 1524 517 1575 mores
534 1502 687 1579 nimium
708 1501 872 1588 exactos,
899 1516 963 1577 aut
980 1524 1065 1599 erga

144 1599 334 1697 „predum
364 1599 542 1675 lucrosum
568 1600 720 1697 cupidos
736 1600 902 1677 incudm
931 1606 978 1679 ad
998 1628 1065 1677 no·

143 1698 258 1792 „xins
286 1698 421 1775 animae
444 1700 570 1775 causas
595 1698 753 1785 incidas,
781 1702 1062 1789 contentionem,

144 1797 371 1895 ,majoriam
387 1818 451 1894 per
474 1794 646 1873 sermonis
670 1798 725 1872 tui
748 1802 1061 1895 pecmutationem,

145 1896 216 1989 „dt
243 1898 281 1973 in
304 1896 350 1971 iis
372 1898 614 1973 venerandam
640 1896 792 1974 instituti
818 1896 925 1973 nostri
941 1898 1065 1995 digui-
1138 1922 1141 1927 ·

140 2006 291 2089 „tatem
310 1996 509 2090 ignominia
534 1994 690 2071 afficias:
715 1996 774 2073 sed
795 1992 857 2073 etii
874 2000 971 2092 quod
986 2020 1065 2073 me·

145 2095 250 2189 „lius
273 2093 353 2181 est,
391 2094 566 2189 elegeris,
608 2094 647 2169 in
667 2092 782 2171 alium
811 2094 924 2191 fidum
947 2096 1066 2191 homi·

144 2219 263 2287 ,mem
293 2215 417 2271 curam
454 2208 555 2269 tuam
580 2190 706 2290 rejice,
748 2216 821 2292 quo
845 2194 1064 2295 tranquillus
1173 2262 1177 2269 .

144 2292 237 2394 „spe
262 2294 356 2370 bona
384 2292 614 2391 iucundaque
640 2292 845 2390 perfruaris.

224 2504 260 2575 8.
287 2488 407 2576 „Cum
424 2486 524 2565 ledes
541 2489 580 2564 in
596 2488 689 2565 cella
705 2497 786 2575 tua,
813 2486 945 2585 collige
960 2510 1056 2565 men·
1072 2480 1175 2585 Mi·

141 2599 253 2684 „tem
285 2586 420 2673 tuam,
462 2600 646 2685 memento
684 2586 757 2663 diei
785 2590 942 2673 mortis,
978 2588 1061 2665 vide
1071 2580 1155 2639 Μ’·

145 2702 266 2781 „tunc
295 2688 453 2783 corporis
477 2686 826 2774 mortificationem,
857 2686 979 2781 cogita
1003 2706 1063 2763 ca·
1103 2736 1111 2754 t

145 2787 408 2880 ,‚iamitatem,
435 2785 595 2861 laborem
617 2839 629 2872 ,
659 2782 895 2882 doloremque
917 2784 1063 2872 alsone,

144 2886 382 2980 „condemno
411 2886 608 2961 vanitatem
632 2883 741 2979 huius
767 2884 913 2972 mundi,
942 2906 1066 2961 curam

144 3004 266 3083 „gere
283 2983 483 3070 modestiae,
507 2981 783 3073 deselationis,
810 2996 852 3059 ut
869 2980 971 3082 pulsis
988 3008 1067 3059 ma·
1140 3053 1152 3067 ,.

146 3104 265 3179 „nere
290 3083 426 3182 semper
446 3085 484 3159 in
514 3083 643 3158 eodem
656 3082 752 3176 ‚vitae
780 3078 913 3179 duietae
937 3106 1066 3179 propo·

144 3181 272 3277 „uem
296 3206 364 3258 nec
394 3182 432 3257 in
454 3180 701 3259 infirmitatem
722 3180 872 3257 incidas.
925 3179 1068 3258 Memor

149 3281 257 3375 „elio
272 3303 416 3379 quoque
433 3280 545 3357 status
563 3279 746 3378 proesentis
760 3280 798 3355 in
815 3278 973 3367 inferno,
1011 3300 1069 3353 re·

148 3390 299 3479 „pun‚
325 3379 630 3475 quemadmodum
658 3377 734 3453 illic
767 3377 901 3473 degant
924 3378 1070 3464 animae,

146 3482 220 3575 „iu
242 3499 315 3573 quo
331 3477 543 3555 amariliimo
561 3476 722 3562 ssleutio,
750 3488 814 3551 aut
831 3480 952 3573 inquo
970 3496 1071 3551 aner·

149 3574 321 3673 „billimo
345 3580 502 3674 gemitu,
525 3579 563 3653 in
584 3572 683 3671 quali
707 3576 854 3663 timore,
871 3578 1068 3665 anxietate,

152 3676 431 3776 „expectatione
452 3673 679 3849 grauiffiNma:
714 3687 843 3773 reputa
868 3672 1069 3845 numquam

628 3794 653 3846 n
677 3794 701 3849 2
981 3794 1073 3861 ’,ΠΡ
1212 3791 1215 3797 ’
