2452 4372
14 228 22 259 i
122 208 246 315 ¹ars
425 164 835 320 assonatione
965 170 969 175 ’
1047 132 1052 137 ¹

29 448 31 453 -
115 456 124 471 .
161 402 289 495 ‚,dere‚
321 397 444 496 ibique
468 408 506 475 te
538 421 706 497 expurga.
770 395 811 474 Si
833 389 1013 471 oscitandi·

72 525 92 593 J
162 498 372 596 „cupiditas
400 499 592 583 invaserit,
638 523 680 572 os
713 496 876 572 clausum
896 494 1035 570 contine
1092 504 1097 517 '

103 606 106 611 '
162 621 258 693 „nec
282 598 421 694 aperias
437 622 479 674 os
499 610 623 684 tuum,
650 610 691 672 ut
704 597 835 672 rideas.
886 592 928 669 si
951 594 987 669 iu
1004 590 1057 667 aii·

161 719 263 794 „qua
286 717 326 771 re
348 699 540 783 erraveris,
578 696 765 772 mendacio
791 718 837 769 ne
854 706 959 788 tegas
976 710 1058 766 erro·

164 818 267 889 „rem
288 807 411 881 tuum,
436 796 495 870 sed
511 797 688 892 poenitens
705 795 846 870 veniam
863 802 980 888 pete:
1011 786 1058 864 Si·

164 894 273 992 „quis
299 895 423 970 durius
449 907 487 970 te
509 894 754 992 compellarit,
783 891 984 966 satisfacias
1005 889 1033 987 '-
1102 958 1105 967 .

165 1005 385 1089 „antequam
407 994 549 1069 animus
578 1009 663 1069 tuus
685 992 905 1087 indignetur.
958 987 999 1064 Si

166 1092 316 1190 „aliquo
340 1093 571 1190 reprehensus
598 1094 741 1178 fueris,
777 1087 950 1186 ignosce,
991 1084 1058 1173 dic,

168 1215 268 1283 „non
299 1192 454 1289 amplius
483 1191 626 1267 saciam.
692 1190 785 1266 Cum
808 1210 903 1287 opus
926 1182 1059 1285 aliquoi

167 1290 300 1383 „discis
321 1345 330 1377 ,
354 1289 561 1385 magistrum
592 1290 719 1389 saepius
743 1287 903 1375 consule,
935 1285 975 1363 ἁ
997 1304 1060 1371 orn

116 1394 118 1399 '
165 1403 235 1483 „ut
261 1390 416 1478 videat,
463 1413 509 1465 an
536 1389 627 1465 reste
651 1389 686 1464 se
710 1387 852 1463 habeat.
904 1385 946 1463 Si
972 1396 1009 1463 te

165 1491 300 1584 „opere
321 1500 537 1582 occupatum
562 1490 745 1565 vocaverit
762 1485 873 1562 irater
888 1496 996 1571 tuus,
1038 1480 1059 1561 '.

111 1593 113 1601 '
167 1586 253 1678 „da
277 1586 362 1683 quid
383 1587 488 1674 uelit,
504 1586 541 1663 siu
561 1609 667 1685 opere
683 1585 874 1662 intermisso
891 1582 996 1660 iilum
1049 1590 1055 1609 '

164 1686 311 1782 „juva.·
337 1684 469 1774 Quodsi
499 1687 544 1760 de
573 1687 651 1762 Deo
674 1685 772 1760 senes
806 1684 1057 1783 colloquantur

164 1785 361 1879 „abbatem
386 1805 491 1882 roga,
520 1796 641 1861 utrum
668 1785 734 1861 tibi
760 1782 991 1858 audiendum
1006 1778 1051 1857 fit·

166 1883 220 1974 „sr
246 1897 283 1959 te
305 1883 427 1981 aliquo
455 1882 615 1971 miserit,
653 1909 698 1958 ne
723 1883 804 1980 plus
829 1882 996 1958 minusve
1053 1894 1056 1901 '

168 1985 286 2075 „ciasz
318 2005 400 2080 quae
422 1982 511 2061 foris
530 1983 731 2073 audiveris,
758 1994 941 2068 revertens

166 2087 232 2174 „ni
258 2081 402 2167 dixeris,
991 2106 993 2113 ¹

0 2268 122 2354 aspires
243 2306 276 2358 a.
303 2278 494 2377 „Hospitio
531 2288 705 2375 exceptus
741 2304 763 2355 a
796 2276 908 2354 fratre
944 2268 1067 2389 nequii

25 2351 134 2452 ⁰3⁸⁰&
167 2375 249 2471 „illi
272 2382 470 2477 praecipias.
540 2380 581 2454 ln
606 2401 731 2455 eorum
762 2377 974 2462 sermones,
1002 2392 1073 2473 qun

0 2458 85 2590 ᾗ·
168 2477 349 2570 „boscum
374 2479 541 2564 habitas,
576 2500 621 2551 ue
650 2489 687 2552 te
705 2477 881 2554 intrudas.
949 2466 1074 2572 Siquis..

37 2589 40 2604 “
76 2567 95 2610 ·“
169 2577 263 2667 „tibi
287 2580 563 2662 committatur,
588 2577 685 2672 quod
716 2576 828 2664 nolis,
856 2597 976 2673 pugna
996 2594 1077 2651 curru
1098 2584 1102 2599 ¹

167 2675 382 2766 „voluntate
402 2690 484 2762 tua,
511 2674 627 2749 donec
646 2697 728 2752 eam
742 2675 894 2772 superes.
946 2673 987 2749 Si
1007 2674 1068 2748 ira·
1100 2668 1103 2679 '

167 2787 250 2867 „ter
281 2774 346 2848 abs
372 2785 410 2848 te
437 2773 525 2870 quid
559 2774 726 2872 petierit,
743 2776 856 2870 -quod
880 2771 1013 2870 possis,
1039 2767 1070 2847 is

167 2874 306 2965 „facito
327 2896 410 2948 cum
430 2874 559 2950 timore
580 2872 659 2949 Dei.
710 2875 818 2948 Mane
850 2873 997 2967 surgens
1017 2892 1070 2945 an·

108 2986 112 2997 '
166 2983 341 3067 „tequam
360 2972 406 3046 ad
422 2973 514 3066 opus
528 2984 566 3046 te
580 2971 767 3059 conseras,
794 2992 877 3071 qnae
898 2971 967 3045 Dei
989 2967 1072 3053 suot,

166 3071 382 3163 „meditaret
448 3071 488 3145 Si
513 3071 559 3146 ad
584 3081 622 3145 to
650 3070 761 3146 stater
788 3068 999 3169 peregrinus
1022 3090 1074 3142 ac·

11 3254 13 3260 Α
166 3169 320 3261 „cedat,
346 3169 433 3246 laeta
448 3168 541 3245 socie
566 3192 650 3246 eum
675 3169 813 3258 saluta,
841 3168 995 3266 ejusque
1014 3168 1076 3241 sar·
1091 3198 1098 3219 ··

139 3302 143 3311 ,
166 3269 313 3361 „cinam
336 3268 487 3365 suscipe:
517 3290 625 3356 caue,
656 3293 702 3344 ue
727 3292 811 3345 eum
833 3270 878 3343 de
902 3268 1013 3343 rebus
1027 3266 1076 3342 in·
1103 3260 1105 3289 '

17 3360 25 3469 J
105 3444 108 3449 ,
167 3367 346 3460 „utilibus
372 3367 598 3461 interrogem
641 3366 700 3441 sed
723 3368 772 3441 ad
800 3367 1004 3442 orationem
1028 3364 1079 3441 in·

167 3466 298 3558 ‚,vita,
336 3462 374 3541 iic
401 3462 565 3539 libellum
587 3465 620 3539 ei
646 3465 692 3540 ad
720 3465 914 3561 legendum
937 3462 1104 3562 praebet·-

51 3582 53 3588 ·
168 3563 281 3655 „feffo
300 3564 459 3659 requiem
486 3560 593 3650 offer,
621 3563 659 3639 δι
677 3565 787 3659 p'edes
811 3566 904 3641 lavo.
921 3600 931 3609 -
946 3564 1006 3648 ·Si
1023 3585 1105 3643 var-n

59 3758 64 3767 ¹
167 3685 264 3764 „gus
289 3660 360 3748 et,
388 3663 426 3741 iu
449 3660 638 3768 epuipesiu
663 3662 817 3744 aliorum
843 3687 889 3744 ne
912 3660 1081 3837 eumd-⁸5⁵¹

962 3814 986 3855 „
1013 3779 1081 3837 ocr-
