2452 4372
289 216 302 325 f
400 245 445 330 rie
479 216 594 335 Vita
639 296 643 310 ·
865 215 955 362 ξος

83 461 150 514 nm
168 375 214 514 <irx
232 436 345 528 laeve,
371 439 420 616 {a
437 440 636 541 aequabile,
660 440 699 521 lie
714 441 951 540 'inaequabile
1039 426 1051 450 ³

83 538 280 615 lt·ocutum
306 540 344 617 ἃ
366 565 389 615 ο
414 543 543 623 tusum.
573 543 723 643 'ltaque
745 542 843 641 quod
868 564 951 639 pro·

83 638 148 713 trie
169 637 308 735 alpellu
331 638 508 730 sentitur,
536 642 637 719 color
664 641 732 718 eli:
766 664 851 719 nam
874 640 954 718 iola·

83 735 202 839 risione
227 737 367 816 colores
388 742 626 840 percipimus,
658 740 697 818 δι
718 750 803 818 tum
827 741 950 817 colore
1097 740 1099 744 ’
1131 722 1148 815 ’,

83 837 273 913 nloratuun·
298 861 447 939 corpus‚
483 842 520 918 &
548 843 693 929 locum,
717 843 754 917 in
779 863 851 938 quo
878 841 946 928 eil,
1034 872 1038 881 ’

83 938 166 1031 [uod
191 940 368 1027 cernitur,
395 941 433 1018 &
448 941 681 1037 intervallum
702 939 950 1037 interjestum3

83 1049 246 1133 iuotquot
271 1040 369 1114 enim
396 1040 551 1135 senibus
583 1063 714 1138 corpus
742 1036 950 1139 percipitur,

83 1136 196 1212 uelem
220 1136 336 1215 rtatim
366 1142 477 1217 etiam
502 1140 611 1217 'locus
636 1139 740 1215 fimul
768 1137 952 1236 cognosci·

83 1256 138 1311 ur.
181 1237 365 1324 Quoniam
391 1254 515 1318 autem
543 1241 669 1339 procul
697 1239 812 1315 cernit
837 1236 953 1334 subje-

83 1334 132 1408 la·
147 1338 308 1433 propria,
339 1339 530 1416 necelierio
553 1339 728 1434 seqnitur,
771 1351 814 1414 ut
839 1337 951 1415 etiam

82 1435 142 1508 ola
160 1436 392 1515 intervallum
410 1441 550 1525 videat,
584 1438 871 1536 magnitudinem
888 1459 952 1513 re·

83 1557 109 1606 o
130 1550 219 1610 tunc
243 1535 317 1610 fola
340 1540 503 1636 percipit,
529 1562 612 1614 cum
630 1536 744 1639 potest
765 1536 824 1625 id,
851 1539 952 1632 quod

82 1639 248 1720 eruitur,
276 1663 350 1715 uno
371 1641 500 1716 obtutu
517 1664 605 1714 mox
624 1636 951 1736 comprehendere3

82 1754 148 1831 [uae
170 1757 258 1811 vero
281 1737 419 1834 majora
442 1739 545 1826 sunt,
567 1740 688 1814 inhis
704 1735 791 1812 viiio
813 1735 851 1811 u
872 1759 954 1811 mee
1051 1735 1055 1740 ’

82 1837 217 1912 uorum
244 1839 419 1936 requirit,
443 1837 482 1914 ἀ
506 1839 787 1931 cogitationem:
808 1858 894 1913 nam
912 1835 951 1935 in

82 1936 124 2007 tis
155 1938 200 2012 ab
222 1960 296 2013 uno
319 1936 444 2013 tranfit
466 1937 513 2013 ad
536 1939 692 2012 alterum
713 1993 727 2022 ,.
748 1936 845 2010 nnoe
869 1955 954 2031 quae
1005 1965 1007 1969 ·

82 2036 165 2110 ›rius
181 2049 350 2134 percepta
367 2037 464 2125 lunt,
489 2037 665 2112 memoria
685 2034 888 2123 conservat,
914 2033 954 2110 lu

82 2149 263 2233 urumque
284 2138 459 2232 cogitatio
482 2134 645 2232 colligit,
667 2133 707 2211 ἃ
729 2134 827 2234 quod
851 2131 953 2209 sensu
1079 2160 1080 2164 ¹
1192 2100 1196 2109 ¹

82 2232 105 2310 lc
133 2237 229 2332 quod
253 2238 430 2312 memoria
454 2250 662 2334 perceptum
683 2234 742 2311 eil.
798 2231 956 2310 uene«

83 2357 146 2410 um
164 2349 287 2410 autem
312 2359 450 2421 eorum,
478 2360 561 2433 quae
582 2348 794 2423 cernuntur,
823 2330 956 2431 fiplus

82 2435 183 2510 ribus
207 2435 256 2510 est
291 2450 357 2512 aut
384 2447 569 2533 quatuor,
615 2435 677 2532 qui
706 2458 780 2509 uno
811 2430 953 2530 aipellu

82 2559 141 2610 ron
160 2538 337 2623 numitor,
361 2551 484 2612 motus
508 2534 619 2612 etiam
643 2535 680 2610 dc
701 2533 837 2630 ligurus
856 2532 953 2608 rnul-
1047 2620 1054 2643 ἱ

83 2656 188 2710 orum
207 2636 422 2733 angulorum
446 2657 644 2731 numquam
669 2633 765 2721 iola,
788 2629 851 2707 feo
869 2652 955 2706 cum

81 2738 247 2811 neruoria
269 2735 307 2811 ἀ
334 2735 559 2830 cogitatione
584 2733 715 2820 sentit,
756 2756 830 2807 non
857 2731 956 2805 enim

81 2833 242 2913 nteit&
272 2834 494 2932 quinque&
521 2833 609 2920 sex,
651 2832 690 2908 tit
715 2831 779 2907 his.
796 2829 956 2927 amplius

81 2934 143 3009 ine
171 2936 346 3010 memoria
373 2931 545 3029 colligere
569 2933 624 3008 uti
652 2952 769 3031 neque
790 2931 951 3026 hexago-

81 3058 116 3109 ια
142 3033 180 3110 &
205 3034 339 3128 figuras
366 3032 566 3108 multorum
589 3031 839 3128 angulorum:
870 3052 950 3105 mo·

81 3156 130 3221 :ps
161 3136 271 3209 etiam
294 3157 378 3209 curn
403 3132 467 3207 liat
492 3155 558 3231 per
581 3130 827 3207 tranfitionem
851 3126 954 3204 aliud

81 3235 179 3309 nabet
202 3237 356 3331 primum
381 3233 482 3307 uliud
503 3232 718 3318 secundum,
742 3229 953 3304 otiantem

81 3337 224 3409 orimum
254 3331 291 3408 ἄ
324 3331 517 3406 secundum
549 3331 598 3406 est
631 3329 669 3406 u
700 3328 877 3416 tertium,
913 3328 980 3402 iel
1092 3320 1101 3349 ‘

81 3435 244 3508 nem-orie
277 3432 349 3508 solu
389 3431 584 3508 conservat.
643 3429 790 3505 Sursum
827 3439 952 3504 autem
1033 3503 1035 3508 ,

81 3534 106 3610 lt
134 3532 323 3622 deorsum,
361 3530 539 3628 aequabile
564 3527 602 3604 δι
621 3527 838 3625 inaequubile
862 3529 954 3603 itenn

81 3635 231 3731 riporum
259 3633 296 3704 lit
324 3634 445 3720 laeve,
473 3644 620 3708 acutum
646 3627 684 3704 δι
705 3628 869 3707 abtulum
898 3639 956 3702 ta·

81 3725 145 3815 ius
161 3734 198 3811 &
223 3734 317 3809 visus
345 3731 554 3906 commrffiria
578 3733 679 3819 funt,
707 3731 770 3831 qui
793 3728 858 3808 soli
879 3724 918 3902 ss
939 3760 957 3786 ·

149 3853 152 3859 Ι
541 3861 563 3930 3
871 3880 897 3922 tr
914 3851 958 3907 ΠΒ
